2540 4296
255 279 356 326 138
761 271 1330 328 PHILOSOPHIAE
1369 274 1823 329 NATURALIS
1874 277 1991 341 [DE
2012 277 2215 330 MuNn.
2238 278 2393 330 SYST.

1114 501 1403 553 LEMMA
1439 502 1537 555 VI.

253 644 341 695 Ea·
375 643 642 693 observatis
677 643 870 710 aliquot
906 644 1025 695 locis
1061 653 1256 695 cometae
1293 646 1519 695 invenire
1554 647 1705 696 locum
1743 646 1843 714 ejus
1880 648 1951 697 ad
1984 654 2169 714 tempus
2193 650 2396 716 quodvis

1046 734 1388 784 iutwmedz’um
1414 734 1599 785 datum.

325 888 618 958 Designent
656 887 715 939 H
752 888 795 951 Ι,
837 888 863 939 Ι
894 888 963 951 Κ,
1010 889 1062 940 Κ
1088 889 1153 952 L,
1194 889 1242 941 L
1271 889 1336 940 M
1373 900 1608 958 tempora
1642 891 1778 943 inter
1813 892 2198 944 observationes
2239 893 2300 944 H
2327 894 2393 956 A,

253 979 280 1031 I
315 978 378 1041 B,
422 977 475 1028 K
505 978 566 1040 C,
608 978 656 1029 L
693 979 766 1040 D,
810 979 874 1030 M
914 979 961 1030 E
998 979 1295 1032 observatas
1334 980 1560 1050 quinque
1596 981 1943 1051 longitudines
1983 994 2213 1046 cometae,
2255 984 2317 1035 H
2359 985 2396 1036 S

395 1174 430 1224 b
539 1174 631 1225 ‘Ab
743 1175 834 1226 3b
943 1173 1037 1225 4b
1152 1174 1245 1226 5b
1375 1234 1430 1277 A
1556 1195 1606 1238 B
1685 1225 1781 1290 Rc

519 1335 547 1368 c
654 1324 742 1369 20
840 1325 927 1368 30
1035 1324 1122 1369 40

596 1460 629 1511 d
739 1460 835 1512 ad
944 1460 1039 1512 ad
1409 1464 1411 1469 ·
1992 1465 2223 1514 ..M-N

1386 1526 1443 1572 Η
1573 1525 1603 1569 Ι
1689 1526 1802 1570 SK
1902 1527 1952 1573 L
2044 1582 2047 1584 ,

723 1623 751 1655 e
824 1611 911 1656 Ze
1990 1505 2218 1744 Q

808 1747 837 1798 f
2181 1753 2229 1799 E

246 1952 453 2011 tempus
501 1942 679 1993 datum
716 1942 852 1994 inter
891 1942 1301 1995 observationem
1337 1941 1560 2011 primam
1604 1950 1656 1994 et
1695 1935 2078 2012 longitudinem
2118 1941 2399 2011 quaesitam.

249 2031 320 2082 Et
369 2032 435 2082 si,
460 2049 556 2099 per
603 2041 798 2099 puncta
848 2031 916 2094 A,
964 2032 1029 2095 B,
1075 2032 1137 2094 C,
1184 2031 1257 2094 D,
1307 2032 1354 2083 E
1405 2031 1525 2082 duci
1574 2028 1894 2100 intelligatur
1942 2047 2098 2081 curva
2147 2029 2397 2100 regularis

250 2123 302 2174 A
330 2122 377 2174 B
408 2122 452 2174 C
480 2123 536 2174 D
565 2121 646 2184 E;
675 2132 726 2173 et
748 2140 844 2191 per
871 2122 1092 2174 Lemma
1118 2122 1353 2191 superius
1388 2122 1681 2174 inveniatur
1705 2121 1818 2191 ejus
1845 2119 2123 2171 ordinatim
2149 2118 2405 2188 applicata

251 2211 303 2263 R
334 2212 387 2273 S,
419 2211 519 2262 erit
547 2211 597 2261 R
627 2211 664 2262 S
688 2211 962 2282 longitudo
987 2210 1218 2281 quaesita.

322 2299 526 2352 Eadem
563 2299 812 2352 methodo
849 2319 917 2352 ex
942 2299 1225 2352 observatis
1252 2298 1479 2370 quinque
1513 2295 1869 2352 latitudinibus
1902 2293 2160 2349 invenitur
2183 2294 2403 2348 latitudo

251 2388 318 2441 ad
344 2398 548 2458 tempus
574 2388 768 2440 datum.
2216 2391 2225 2400 '

320 2479 382 2549 (²)
415 2479 471 2532 Si
496 2478 882 2550 longitudinum
906 2479 1290 2531 observatarum
1317 2497 1494 2548 parvae
1521 2478 1624 2529 sint
1649 2476 1968 2539 differentiae,
1996 2472 2122 2545 puta
2145 2474 2404 2547 graduum

246 2579 450 2621 tantum
476 2577 507 2620 4
536 2569 618 2620 vel
645 2576 707 2631 53
737 2568 1033 2620 suffecerint
1057 2569 1441 2621 observationes
1468 2577 1571 2619 tres
1597 2567 1679 2637 vel
1706 2537 1926 2635 quatum!
1950 2564 2017 2616 ad
2041 2564 2404 2616 inveniendam

245 2658 631 2730 longitudinem
667 2669 719 2710 et
753 2658 1078 2712 latitudinem
1114 2678 1319 2711 novam.
1398 2658 1494 2712 Sin
1529 2658 1747 2726 majores
1783 2656 1885 2708 sint
1921 2654 2258 2719 differentiae„
2278 2653 2405 2725 puta

246 2750 507 2822 graduum
538 2757 602 2802 10
629 2749 712 2801 vel
739 2756 825 2814 20,
855 2749 1124 2803 debebunt
1148 2750 1532 2803 observationes
1559 2749 1785 2820 quinque
1810 2747 2059 2799 adhiberi.

246 2968 249 2971 ·
317 2947 377 3000 (Ζ)
416 2950 503 2988 157.
547 2950 568 2973 ’
608 2950 652 2988 Si
685 2949 972 3000 longitudinum
1003 2950 1300 2994 observatorum,
1355 2949 1487 2999 plures
1518 2947 1799 2987 observationes
1827 2954 1867 2986 et
1896 2946 2116 2997 parabolam
2141 2946 2315 2997 plurium
2342 2944 2404 2983 di-

252 3003 374 3052 (patet
403 3015 471 3051 per
502 3008 584 3040 not.
621 3002 664 3040 in
701 3004 789 3041 Cor.
826 3001 1026 3051 praeced.).
1087 3002 1303 3041 Methodus

254 3055 468 3093 Lemmatis
495 3055 756 3104 praecedentis,
783 3068 871 3106 quae
898 3056 1105 3093 methodus
1131 3055 1301 3105 interpo-

249 3109 440 3147 lationum
467 3109 544 3146 dici
571 3109 680 3154 solet,
708 3109 751 3146 in
777 3111 892 3146 rebus
919 3109 1184 3147 astronomicis
1202 3121 1297 3147 usus

249 3163 389 3200 habere
415 3169 540 3211 potest
569 3162 742 3200 eximios.
805 3162 924 3201 Hanc
942 3161 1170 3200 methodum
1189 3162 1296 3201 adhi-

249 3215 335 3253 buit
353 3214 495 3252 clariss.
516 3215 694 3252 Meierus
712 3215 826 3253 Tom.
847 3215 907 3253 11.
931 3215 1151 3253 Comment.
1175 3215 1298 3254 Acad-

255 3268 451 3317 Petropol.
466 3268 515 3306 ad
528 3268 801 3318 Investiganda
812 3268 1068 3306 Solstitiorum
1081 3269 1298 3308 Momenta.

253 3320 368 3361 Circa
394 3328 549 3370 tempus
576 3321 727 3369 solstitii
755 3323 1004 3360 observentur
1031 3322 1171 3373 aliquae
1202 3322 1302 3361 Solis

250 3373 474 3412 altitudines
502 3374 738 3421 meridianae,
767 3374 929 3425 illasque
959 3375 1061 3414 Solis
1078 3374 1303 3413 altitudines

248 3436 523 3476 repraesentent
541 3427 717 3477 quaedam
734 3428 931 3474 ordinatae,
952 3436 991 3466 et
1009 3436 1181 3477 tempora
1199 3430 1299 3466 inter

249 3482 530 3520 observationes
545 3482 673 3530 elapsa
686 3481 949 3519 ordinatarum
968 3482 1179 3519 intervallis
1191 3481 1297 3519 exhi-

249 3536 423 3572 beantur.
477 3534 635 3572 Deinde
649 3542 816 3572 transeat
833 3534 1012 3583 parabola
1030 3547 1099 3584 per
1117 3534 1297 3573 extremi-

249 3596 346 3625 tates
381 3586 657 3634 ordinatarum,
695 3588 860 3625 abscissa
906 3601 995 3637 quae
1029 3587 1300 3636 correspondet

248 3641 422 3678 minimae
440 3641 637 3686 ordinatae,
665 3643 823 3689 tempus
836 3640 986 3679 solstitii
1014 3639 1293 3679 determinabit.

253 3694 446 3732 Caeterutn
490 3693 643 3732 definiri
686 3695 811 3744 'potest
849 3704 1002 3743 tempus
1036 3692 1187 3732 solstitii
1230 3705 1301 3744 per

1355 3002 1616 3048 mensionum,
1644 3001 1706 3040 vel
1731 3014 1800 3050 per
1817 3009 1892 3040 tres
1910 3000 2192 3040 observationes
2210 3000 2402 3038 duntaxat

1355 3063 1395 3094 et
1420 3054 1641 3105 parabolam
1660 3054 1846 3104 comeam,
1878 3055 1937 3093 uti
1955 3055 2046 3092 fecit
2065 3054 2260 3092 Halleius.
2321 3053 2402 3090 Ve-

1351 3107 1441 3146 rum
1472 3109 1514 3147 in
1538 3120 1785 3160 quocumque
1817 3121 1908 3146 casu
1939 3108 2165 3146 adhibeatur
2195 3105 2401 3155 interpola-

1352 3162 1506 3200 tionum
1525 3161 1741 3206 methodus,
1769 3169 1919 3211 oportet
1937 3161 2171 3199 differentias
2190 3161 2402 3198 observatas

1353 3215 1582 3253 sensibiliter
1610 3214 1775 3265 majores
1807 3227 1889 3252 esse
1920 3215 2109 3251 erroribus
2137 3213 2203 3263 qui
2240 3212 2280 3250 in
2315 3209 2399 3260 ipsa

1354 3268 1616 3307 observatione
1635 3267 1824 3305 committi
1850 3275 2021 3317 possunt,
2051 3264 2125 3305 hac
2143 3274 2272 3305 autem
2292 3264 2399 3303 adhi-

1355 3321 1434 3359 bita
1466 3321 1571 3368 cura,
1601 3321 1692 3359 satis
1727 3328 1902 3359 accurate
1938 3320 2183 3358 determinari
2218 3324 2401 3368 poterunt

1354 3374 1521 3423 plurima
1547 3374 1789 3412 astronomiae
1815 3375 2072 3422 phaenomena
2098 3386 2185 3423 quae
2211 3370 2287 3410 alia
2313 3370 2400 3421 qui-

1329 3470 1331 3472 *
1356 3428 1445 3465 dem
1465 3427 1526 3466 via
1540 3428 1666 3466 forent
1681 3427 1935 3465 determinatu
1949 3426 2189 3464 difficillima.
2226 3424 2399 3475 Elegan-

1351 3481 1547 3519 tissimum
1566 3481 1736 3532 ejusdem
1756 3479 1927 3517 methodi
1953 3478 2174 3528 exemplum
2194 3477 2299 3516 dedit
2317 3476 2397 3514 exi-

1351 3536 1455 3572 mius
1491 3542 1690 3586 geometra
1729 3533 1782 3573 D.
1824 3532 1997 3571 Clairaut
2031 3532 2074 3570 in
2114 3533 2224 3569 Mon.
2269 3529 2392 3568 Paris.

1351 3599 1414 3624 an.
1442 3591 1556 3634 1756,
1577 3586 1644 3624 ubi
1663 3585 1965 3624 determinandae
1986 3584 2136 3623 Telluri
2156 3584 2291 3634 flgurae
2310 3594 2393 3619 mo-

1351 3640 1447 3678 dum
1466 3641 1623 3688 exponit
1641 3651 1687 3676 ex
1707 3638 1890 3676 mensura
1915 3637 2084 3687 plurium
2105 3635 2305 3675 meridiani
2332 3646 2393 3672 ar-

1350 3705 1471 3732 cuum
1489 3694 1531 3731 in
1550 3692 1708 3732 diversis
1725 3691 1994 3731 latitudinibus
2012 3688 2133 3739 capta.
