<?xml version="1.0" encoding="UTF-8"?>
<!DOCTYPE html PUBLIC "-//W3C//DTD XHTML 1.0 Transitional//EN"
    "http://www.w3.org/TR/xhtml1/DTD/xhtml1-transitional.dtd">
<html xmlns="http://www.w3.org/1999/xhtml" xml:lang="en" lang="en">
 <head>
  <title>
</title>
<meta http-equiv="Content-Type" content="text/html;charset=utf-8" />
  <meta name='ocr-system' content='tesseract 3.04.00' />
  <meta name='ocr-capabilities' content='ocr_page ocr_carea ocr_par ocr_line ocrx_word'/>
</head>
<body>
  <div class='ocr_page' id='page_1' title='image "./philonatrualprin04newtrich_0043.png"; bbox 0 0 2540 4296; ppageno 0'>
   <div class='ocr_carea' id='block_1_1' title="bbox 333 99 352 132">
    <p class='ocr_par' dir='ltr' id='par_1_1' title="bbox 333 99 352 132">
     <span class='ocr_line' id='line_1_1' title="bbox 333 99 352 132; baseline 0 0"><span class='ocrx_word' id='word_1_1' title='bbox 333 99 352 132; x_wconf 70' lang='lat' dir='ltr'>&#39;S</span> 
     </span>
    </p>
   </div>
   <div class='ocr_carea' id='block_1_2' title="bbox 111 179 2261 248">
    <p class='ocr_par' dir='ltr' id='par_1_2' title="bbox 111 179 2261 248">
     <span class='ocr_line' id='line_1_2' title="bbox 111 179 2261 248; baseline -0.003 -11"><span class='ocrx_word' id='word_1_2' title='bbox 111 187 313 239; x_wconf 67' lang='lat' dir='ltr'>‘LissER</span> <span class='ocrx_word' id='word_1_3' title='bbox 341 185 637 248; x_wconf 74' lang='lat' dir='ltr'>TEm=1us.]</span> <span class='ocrx_word' id='word_1_4' title='bbox 714 182 1113 235; x_wconf 88' lang='lat' dir='ltr'>PRINCIPIA</span> <span class='ocrx_word' id='word_1_5' title='bbox 1155 179 1770 234; x_wconf 83' lang='lat' dir='ltr'>MATHEMATICA.</span> <span class='ocrx_word' id='word_1_6' title='bbox 2191 183 2261 231; x_wconf 75' lang='lat'>25</span> 
     </span>
    </p>
   </div>
   <div class='ocr_carea' id='block_1_3' title="bbox 126 317 2259 1191">
    <p class='ocr_par' dir='ltr' id='par_1_3' title="bbox 126 317 2259 1191">
     <span class='ocr_line' id='line_1_3' title="bbox 130 317 2259 395; baseline -0.005 -17"><span class='ocrx_word' id='word_1_7' title='bbox 130 348 182 378; x_wconf 88' lang='lat' dir='ltr'>m</span> <span class='ocrx_word' id='word_1_8' title='bbox 212 327 297 379; x_wconf 93' lang='lat' dir='ltr'>Pl</span> <span class='ocrx_word' id='word_1_9' title='bbox 339 326 565 395; x_wconf 81' lang='lat' dir='ltr'>aequalis.</span> <span class='ocrx_word' id='word_1_10' title='bbox 645 324 768 376; x_wconf 92' lang='lat' dir='ltr'>Hoc</span> <span class='ocrx_word' id='word_1_11' title='bbox 811 332 982 373; x_wconf 89' lang='lat' dir='ltr'>autem</span> <span class='ocrx_word' id='word_1_12' title='bbox 1021 323 1076 372; x_wconf 90' lang='lat' dir='ltr'>in</span> <span class='ocrx_word' id='word_1_13' title='bbox 1120 340 1257 384; x_wconf 89' lang='lat' dir='ltr'>casu,</span> <span class='ocrx_word' id='word_1_14' title='bbox 1304 322 1522 392; x_wconf 86' lang='lat' dir='ltr'>angulus</span> <span class='ocrx_word' id='word_1_15' title='bbox 1566 340 1620 371; x_wconf 91' lang='lat' dir='ltr'>m</span> <span class='ocrx_word' id='word_1_16' title='bbox 1649 320 1732 372; x_wconf 88' lang='lat' dir='ltr'>Pl</span> <span class='ocrx_word' id='word_1_17' title='bbox 1780 327 1858 370; x_wconf 89' lang='lat' dir='ltr'>est</span> <span class='ocrx_word' id='word_1_18' title='bbox 1900 317 1966 368; x_wconf 92' lang='lat' dir='ltr'>ad</span> <span class='ocrx_word' id='word_1_19' title='bbox 2009 317 2259 389; x_wconf 86' lang='lat' dir='ltr'>angulum</span> 
     </span>
     <span class='ocr_line' id='line_1_4' title="bbox 133 405 2259 485; baseline -0.007 -16"><span class='ocrx_word' id='word_1_20' title='bbox 133 419 178 469; x_wconf 92' lang='lat' dir='ltr'>P</span> <span class='ocrx_word' id='word_1_21' title='bbox 204 418 256 469; x_wconf 96' lang='lat' dir='ltr'>T</span> <span class='ocrx_word' id='word_1_22' title='bbox 283 417 362 478; x_wconf 93' lang='lat' dir='ltr'>M,</span> <span class='ocrx_word' id='word_1_23' title='bbox 407 435 559 485; x_wconf 91' lang='lat' dir='ltr'>quem</span> <span class='ocrx_word' id='word_1_24' title='bbox 586 415 737 467; x_wconf 89' lang='lat' dir='ltr'>Luna</span> <span class='ocrx_word' id='word_1_25' title='bbox 774 412 955 463; x_wconf 87' lang='lat' dir='ltr'>eodem</span> <span class='ocrx_word' id='word_1_26' title='bbox 993 422 1226 479; x_wconf 91' lang='lat' dir='ltr'>tempore</span> <span class='ocrx_word' id='word_1_27' title='bbox 1250 420 1395 461; x_wconf 91' lang='lat' dir='ltr'>motu</span> <span class='ocrx_word' id='word_1_28' title='bbox 1436 430 1529 462; x_wconf 93' lang='lat' dir='ltr'>suo</span> <span class='ocrx_word' id='word_1_29' title='bbox 1568 418 1849 479; x_wconf 83' lang='lat' dir='ltr'>apparente</span> <span class='ocrx_word' id='word_1_30' title='bbox 1875 408 2011 458; x_wconf 88' lang='lat' dir='ltr'>circa</span> <span class='ocrx_word' id='word_1_31' title='bbox 2035 405 2259 456; x_wconf 84' lang='lat' dir='ltr'>Terram</span> 
     </span>
     <span class='ocr_line' id='line_1_5' title="bbox 130 492 2258 568; baseline -0.007 -12"><span class='ocrx_word' id='word_1_32' title='bbox 130 503 386 566; x_wconf 82' lang='lat' dir='ltr'>describit,</span> <span class='ocrx_word' id='word_1_33' title='bbox 433 514 493 555; x_wconf 92' lang='lat' dir='ltr'>ut·</span> <span class='ocrx_word' id='word_1_34' title='bbox 537 511 558 555; x_wconf 96' lang='grc'>1</span> <span class='ocrx_word' id='word_1_35' title='bbox 609 501 674 553; x_wconf 88' lang='lat' dir='ltr'>ad</span> <span class='ocrx_word' id='word_1_36' title='bbox 720 508 802 563; x_wconf 88' lang='grc'>59,</span> <span class='ocrx_word' id='word_1_37' title='bbox 833 505 953 554; x_wconf 88' lang='grc'><strong>575.</strong></span> <span class='ocrx_word' id='word_1_38' title='bbox 1028 499 1162 550; x_wconf 90' lang='lat' dir='ltr'>Nam</span> <span class='ocrx_word' id='word_1_39' title='bbox 1212 499 1428 568; x_wconf 81' lang='lat' dir='ltr'>angulus</span> <span class='ocrx_word' id='word_1_40' title='bbox 1469 518 1522 549; x_wconf 89' lang='lat' dir='ltr'>m</span> <span class='ocrx_word' id='word_1_41' title='bbox 1550 499 1595 551; x_wconf 93' lang='lat' dir='ltr'>P</span> <span class='ocrx_word' id='word_1_42' title='bbox 1620 499 1639 549; x_wconf 89' lang='lat' dir='ltr'>l</span> <span class='ocrx_word' id='word_1_43' title='bbox 1684 496 1897 567; x_wconf 86' lang='lat' dir='ltr'>aequalis</span> <span class='ocrx_word' id='word_1_44' title='bbox 1942 504 2021 546; x_wconf 91' lang='lat' dir='ltr'>est</span> <span class='ocrx_word' id='word_1_45' title='bbox 2063 492 2258 563; x_wconf 90' lang='lat' dir='ltr'>angulo</span> 
     </span>
     <span class='ocr_line' id='line_1_6' title="bbox 131 576 2258 659; baseline -0.007 -15"><span class='ocrx_word' id='word_1_46' title='bbox 131 593 179 644; x_wconf 95' lang='lat' dir='ltr'>L</span> <span class='ocrx_word' id='word_1_47' title='bbox 208 593 253 643; x_wconf 92' lang='lat' dir='ltr'>P</span> <span class='ocrx_word' id='word_1_48' title='bbox 280 592 360 654; x_wconf 89' lang='grc' dir='ltr'>Μ,</span> <span class='ocrx_word' id='word_1_49' title='bbox 403 592 457 643; x_wconf 89' lang='lat' dir='ltr'>id</span> <span class='ocrx_word' id='word_1_50' title='bbox 484 576 585 653; x_wconf 10' lang='lat' dir='ltr'>rest,</span> <span class='ocrx_word' id='word_1_51' title='bbox 631 589 821 659; x_wconf 85' lang='lat' dir='ltr'>angulo</span> <span class='ocrx_word' id='word_1_52' title='bbox 845 588 1144 639; x_wconf 82' lang='lat' dir='ltr'>deflexionis</span> <span class='ocrx_word' id='word_1_53' title='bbox 1171 587 1339 638; x_wconf 91' lang='lat' dir='ltr'>Lunae</span> <span class='ocrx_word' id='word_1_54' title='bbox 1364 606 1394 637; x_wconf 92' lang='lat' dir='ltr'>a</span> <span class='ocrx_word' id='word_1_55' title='bbox 1419 597 1561 638; x_wconf 89' lang='lat' dir='ltr'>recto</span> <span class='ocrx_word' id='word_1_56' title='bbox 1587 588 1805 649; x_wconf 83' lang='lat' dir='ltr'>tramite,</span> <span class='ocrx_word' id='word_1_57' title='bbox 1847 603 1999 655; x_wconf 89' lang='lat' dir='ltr'>quem</span> <span class='ocrx_word' id='word_1_58' title='bbox 2037 581 2146 634; x_wconf 90' lang='lat' dir='ltr'>sola</span> <span class='ocrx_word' id='word_1_59' title='bbox 2181 580 2258 630; x_wconf 90' lang='lat' dir='ltr'>vis</span> 
     </span>
     <span class='ocr_line' id='line_1_7' title="bbox 126 674 2257 749; baseline -0.006 -17"><span class='ocrx_word' id='word_1_60' title='bbox 126 680 342 749; x_wconf 85' lang='lat' dir='ltr'>praefata</span> <span class='ocrx_word' id='word_1_61' title='bbox 366 679 543 731; x_wconf 83' lang='lat' dir='ltr'>solaris</span> <span class='ocrx_word' id='word_1_62' title='bbox 590 686 619 730; x_wconf 81' lang='grc'><strong>3</strong></span> <span class='ocrx_word' id='word_1_63' title='bbox 648 678 675 730; x_wconf 96' lang='grc' dir='ltr'>Ι</span> <span class='ocrx_word' id='word_1_64' title='bbox 703 678 770 740; x_wconf 86' lang='grc' dir='ltr'>Τ,</span> <span class='ocrx_word' id='word_1_65' title='bbox 817 678 860 728; x_wconf 89' lang='lat' dir='ltr'>si</span> <span class='ocrx_word' id='word_1_66' title='bbox 903 687 1013 727; x_wconf 90' lang='lat' dir='ltr'>tum</span> <span class='ocrx_word' id='word_1_67' title='bbox 1040 685 1261 728; x_wconf 85' lang='lat' dir='ltr'>cessaret</span> <span class='ocrx_word' id='word_1_68' title='bbox 1287 675 1454 726; x_wconf 88' lang='lat' dir='ltr'>Lunae</span> <span class='ocrx_word' id='word_1_69' title='bbox 1479 676 1719 745; x_wconf 88' lang='lat' dir='ltr'>gravitas,</span> <span class='ocrx_word' id='word_1_70' title='bbox 1759 675 1880 726; x_wconf 89' lang='lat' dir='ltr'>dato</span> <span class='ocrx_word' id='word_1_71' title='bbox 1906 674 1995 724; x_wconf 83' lang='lat' dir='ltr'>illo</span> <span class='ocrx_word' id='word_1_72' title='bbox 2021 683 2257 739; x_wconf 90' lang='lat' dir='ltr'>tempore</span> 
     </span>
     <span class='ocr_line' id='line_1_8' title="bbox 129 758 2257 839; baseline -0.006 -19"><span class='ocrx_word' id='word_1_73' title='bbox 129 786 377 839; x_wconf 89' lang='lat' dir='ltr'>generare</span> <span class='ocrx_word' id='word_1_74' title='bbox 402 775 576 835; x_wconf 86' lang='lat' dir='ltr'>posset</span> <span class='ocrx_word' id='word_1_75' title='bbox 588 786 602 827; x_wconf 83' lang='lat'><em>3</em></span> <span class='ocrx_word' id='word_1_76' title='bbox 642 766 718 834; x_wconf 81' lang='lat'>(¹¹²)</span> <span class='ocrx_word' id='word_1_77' title='bbox 765 774 815 817; x_wconf 86' lang='lat' dir='ltr'>et</span> <span class='ocrx_word' id='word_1_78' title='bbox 854 760 1072 835; x_wconf 85' lang='lat' dir='ltr'>angulus</span> <span class='ocrx_word' id='word_1_79' title='bbox 1118 765 1162 816; x_wconf 95' lang='lat' dir='ltr'>P</span> <span class='ocrx_word' id='word_1_80' title='bbox 1189 763 1241 814; x_wconf 94' lang='lat' dir='ltr'>T</span> <span class='ocrx_word' id='word_1_81' title='bbox 1268 763 1332 815; x_wconf 92' lang='lat' dir='ltr'>M</span> <span class='ocrx_word' id='word_1_82' title='bbox 1373 763 1583 831; x_wconf 86' lang='lat' dir='ltr'>aequalis</span> <span class='ocrx_word' id='word_1_83' title='bbox 1604 773 1699 817; x_wconf 81' lang='lat' dir='ltr'>,est</span> <span class='ocrx_word' id='word_1_84' title='bbox 1736 762 1926 832; x_wconf 89' lang='lat' dir='ltr'>angulo</span> <span class='ocrx_word' id='word_1_85' title='bbox 1952 758 2257 812; x_wconf 85' lang='lat' dir='ltr'>deflexionis</span> 
     </span>
     <span class='ocr_line' id='line_1_9' title="bbox 132 851 2257 926; baseline -0.004 -16"><span class='ocrx_word' id='word_1_86' title='bbox 132 860 299 911; x_wconf 86' lang='lat' dir='ltr'>Lunae</span> <span class='ocrx_word' id='word_1_87' title='bbox 324 878 355 909; x_wconf 89' lang='lat' dir='ltr'>a</span> <span class='ocrx_word' id='word_1_88' title='bbox 379 868 521 909; x_wconf 88' lang='lat' dir='ltr'>recto</span> <span class='ocrx_word' id='word_1_89' title='bbox 547 857 764 918; x_wconf 85' lang='lat' dir='ltr'>tramite,</span> <span class='ocrx_word' id='word_1_90' title='bbox 806 861 958 926; x_wconf 83' lang='lat' dir='ltr'>quem</span> <span class='ocrx_word' id='word_1_91' title='bbox 984 856 1058 906; x_wconf 90' lang='lat' dir='ltr'>vis</span> <span class='ocrx_word' id='word_1_92' title='bbox 1084 855 1186 917; x_wconf 79' lang='lat' dir='ltr'>illa,</span> <span class='ocrx_word' id='word_1_93' title='bbox 1228 853 1327 923; x_wconf 67' lang='lat' dir='ltr'>qua</span> <span class='ocrx_word' id='word_1_94' title='bbox 1356 854 1509 905; x_wconf 88' lang='lat' dir='ltr'>Luna</span> <span class='ocrx_word' id='word_1_95' title='bbox 1545 853 1597 902; x_wconf 92' lang='lat' dir='ltr'>in</span> <span class='ocrx_word' id='word_1_96' title='bbox 1637 853 1763 904; x_wconf 90' lang='lat' dir='ltr'>orbe</span> <span class='ocrx_word' id='word_1_97' title='bbox 1789 871 1882 903; x_wconf 86' lang='lat' dir='ltr'>suo</span> <span class='ocrx_word' id='word_1_98' title='bbox 1908 853 2172 914; x_wconf 86' lang='lat' dir='ltr'>retinetur,</span> <span class='ocrx_word' id='word_1_99' title='bbox 2214 851 2257 902; x_wconf 87' lang='lat' dir='ltr'>si</span> 
     </span>
     <span class='ocr_line' id='line_1_10' title="bbox 128 930 1809 1013; baseline -0.005 -11"><span class='ocrx_word' id='word_1_100' title='bbox 128 930 241 1001; x_wconf 64' lang='lat' dir='ltr'>tumr</span> <span class='ocrx_word' id='word_1_101' title='bbox 265 959 487 1002; x_wconf 85' lang='lat' dir='ltr'>cessaret</span> <span class='ocrx_word' id='word_1_102' title='bbox 509 949 584 1000; x_wconf 90' lang='lat' dir='ltr'>vis</span> <span class='ocrx_word' id='word_1_103' title='bbox 612 947 790 999; x_wconf 88' lang='lat' dir='ltr'>solaris</span> <span class='ocrx_word' id='word_1_104' title='bbox 831 956 862 998; x_wconf 80' lang='lat'><strong>3</strong></span> <span class='ocrx_word' id='word_1_105' title='bbox 893 947 918 998; x_wconf 89' lang='lat'>1</span> <span class='ocrx_word' id='word_1_106' title='bbox 945 947 1011 1008; x_wconf 88' lang='lat' dir='ltr'>T,</span> <span class='ocrx_word' id='word_1_107' title='bbox 1052 945 1236 997; x_wconf 87' lang='lat' dir='ltr'>eodem</span> <span class='ocrx_word' id='word_1_108' title='bbox 1261 954 1495 1011; x_wconf 88' lang='lat' dir='ltr'>tempore</span> <span class='ocrx_word' id='word_1_109' title='bbox 1520 953 1809 1013; x_wconf 83' lang='lat' dir='ltr'>generaret.</span> 
     </span>
     <span class='ocr_line' id='line_1_11' title="bbox 129 1030 2256 1107; baseline -0.004 -17"><span class='ocrx_word' id='word_1_110' title='bbox 129 1050 186 1090; x_wconf 94' lang='lat' dir='ltr'>ut</span> <span class='ocrx_word' id='word_1_111' title='bbox 211 1057 367 1107; x_wconf 87' lang='lat' dir='ltr'>supra</span> <span class='ocrx_word' id='word_1_112' title='bbox 390 1038 626 1099; x_wconf 84' lang='lat' dir='ltr'>diximus,</span> <span class='ocrx_word' id='word_1_113' title='bbox 657 1046 776 1087; x_wconf 91' lang='lat' dir='ltr'>sunt</span> <span class='ocrx_word' id='word_1_114' title='bbox 801 1035 866 1086; x_wconf 92' lang='lat' dir='ltr'>ad</span> <span class='ocrx_word' id='word_1_115' title='bbox 891 1035 1108 1085; x_wconf 86' lang='lat' dir='ltr'>invicem</span> <span class='ocrx_word' id='word_1_116' title='bbox 1135 1043 1191 1083; x_wconf 89' lang='lat' dir='ltr'>ut</span> <span class='ocrx_word' id='word_1_117' title='bbox 1221 1040 1242 1082; x_wconf 90' lang='lat'>1</span> <span class='ocrx_word' id='word_1_118' title='bbox 1277 1032 1342 1083; x_wconf 90' lang='lat' dir='ltr'>ad</span> <span class='ocrx_word' id='word_1_119' title='bbox 1371 1039 1454 1094; x_wconf 79' lang='grc'>59,</span> <span class='ocrx_word' id='word_1_120' title='bbox 1479 1038 1599 1087; x_wconf 88' lang='grc'>575.</span> <span class='ocrx_word' id='word_1_121' title='bbox 1677 1035 1740 1100; x_wconf 82' lang='lat'>(¹¹)</span> <span class='ocrx_word' id='word_1_122' title='bbox 1773 1032 1916 1102; x_wconf 86' lang='lat' dir='ltr'>Ergo</span> <span class='ocrx_word' id='word_1_123' title='bbox 1942 1030 2060 1082; x_wconf 79' lang='lat' dir='ltr'>cum</span> <span class='ocrx_word' id='word_1_124' title='bbox 2086 1042 2256 1082; x_wconf 90' lang='lat' dir='ltr'>motus</span> 
     </span>
     <span class='ocr_line' id='line_1_12' title="bbox 128 1118 2255 1191; baseline -0.005 -11"><span class='ocrx_word' id='word_1_125' title='bbox 128 1128 328 1181; x_wconf 84' lang='lat' dir='ltr'>medius</span> <span class='ocrx_word' id='word_1_126' title='bbox 365 1127 602 1178; x_wconf 88' lang='lat' dir='ltr'>horarius</span> <span class='ocrx_word' id='word_1_127' title='bbox 630 1126 797 1177; x_wconf 81' lang='lat' dir='ltr'>Lunae</span> <span class='ocrx_word' id='word_1_128' title='bbox 833 1133 1068 1191; x_wconf 89' lang='lat' dir='ltr'>respectu</span> <span class='ocrx_word' id='word_1_129' title='bbox 1094 1121 1317 1172; x_wconf 83' lang='lat' dir='ltr'>fixarum</span> <span class='ocrx_word' id='word_1_130' title='bbox 1355 1121 1418 1172; x_wconf 90' lang='lat' dir='ltr'>sit</span> <span class='ocrx_word' id='word_1_131' title='bbox 1458 1121 1558 1172; x_wconf 77' lang='lat'>32&#39;.</span> <span class='ocrx_word' id='word_1_132' title='bbox 1588 1122 1703 1173; x_wconf 59' lang='lat'>56¹2</span> <span class='ocrx_word' id='word_1_133' title='bbox 1733 1122 1864 1175; x_wconf 71' lang='lat' dir='ltr'><em>27&#39;s&#39;.</em></span> <span class='ocrx_word' id='word_1_134' title='bbox 1897 1118 2044 1186; x_wconf 41' lang='lat'>1233</span> <span class='ocrx_word' id='word_1_135' title='bbox 2084 1129 2255 1171; x_wconf 84' lang='lat' dir='ltr'>motus</span> 
     </span>
    </p>
   </div>
   <div class='ocr_carea' id='block_1_4' title="bbox 1887 943 2251 1004">
    <p class='ocr_par' dir='ltr' id='par_1_4' title="bbox 1887 943 2251 1004">
     <span class='ocr_line' id='line_1_13' title="bbox 1887 943 2251 1004; baseline -0.003 -11"><span class='ocrx_word' id='word_1_136' title='bbox 1887 943 1956 993; x_wconf 87' lang='lat' dir='ltr'>Et</span> <span class='ocrx_word' id='word_1_137' title='bbox 1991 943 2075 993; x_wconf 86' lang='lat' dir='ltr'>hae</span> <span class='ocrx_word' id='word_1_138' title='bbox 2100 944 2251 1004; x_wconf 89' lang='lat' dir='ltr'>vires,</span> 
     </span>
    </p>
   </div>
   <div class='ocr_carea' id='block_1_5' title="bbox 127 1210 2255 1469">
    <p class='ocr_par' dir='ltr' id='par_1_5' title="bbox 127 1210 2255 1469">
     <span class='ocr_line' id='line_1_14' title="bbox 127 1210 2255 1271; baseline -0.005 0"><span class='ocrx_word' id='word_1_139' title='bbox 127 1220 363 1271; x_wconf 87' lang='lat' dir='ltr'>horarius</span> <span class='ocrx_word' id='word_1_140' title='bbox 389 1219 514 1270; x_wconf 92' lang='lat' dir='ltr'>nodi</span> <span class='ocrx_word' id='word_1_141' title='bbox 538 1219 591 1268; x_wconf 92' lang='lat' dir='ltr'>in</span> <span class='ocrx_word' id='word_1_142' title='bbox 615 1218 715 1268; x_wconf 91' lang='lat' dir='ltr'>hoc</span> <span class='ocrx_word' id='word_1_143' title='bbox 741 1235 862 1267; x_wconf 86' lang='lat' dir='ltr'>casu</span> <span class='ocrx_word' id='word_1_144' title='bbox 887 1215 983 1266; x_wconf 90' lang='lat' dir='ltr'>erit</span> <span class='ocrx_word' id='word_1_145' title='bbox 1010 1215 1122 1266; x_wconf 70' lang='lat'>33⁰.</span> <span class='ocrx_word' id='word_1_146' title='bbox 1155 1214 1279 1264; x_wconf 63' lang='lat' dir='ltr'><strong>lom.</strong></span> <span class='ocrx_word' id='word_1_147' title='bbox 1301 1210 1417 1264; x_wconf 68' lang='lat' dir='ltr'><strong>33³V.</strong></span> <span class='ocrx_word' id='word_1_148' title='bbox 1452 1218 1554 1263; x_wconf 63' lang='lat' dir='ltr'>lav.</span> <span class='ocrx_word' id='word_1_149' title='bbox 1619 1211 1750 1263; x_wconf 91' lang='lat' dir='ltr'>Aliis</span> <span class='ocrx_word' id='word_1_150' title='bbox 1778 1221 1949 1261; x_wconf 84' lang='lat' dir='ltr'>autem</span> <span class='ocrx_word' id='word_1_151' title='bbox 1974 1211 2024 1260; x_wconf 92' lang='lat' dir='ltr'>in</span> <span class='ocrx_word' id='word_1_152' title='bbox 2053 1211 2255 1261; x_wconf 84' lang='lat' dir='ltr'>casibus</span> 
     </span>
     <span class='ocr_line' id='line_1_15' title="bbox 127 1299 2253 1360; baseline -0.004 -1"><span class='ocrx_word' id='word_1_153' title='bbox 127 1319 298 1360; x_wconf 91' lang='lat' dir='ltr'>motus</span> <span class='ocrx_word' id='word_1_154' title='bbox 323 1309 418 1359; x_wconf 90' lang='lat' dir='ltr'>iste</span> <span class='ocrx_word' id='word_1_155' title='bbox 443 1306 677 1358; x_wconf 88' lang='lat' dir='ltr'>horarius</span> <span class='ocrx_word' id='word_1_156' title='bbox 705 1306 802 1356; x_wconf 89' lang='lat' dir='ltr'>erit</span> <span class='ocrx_word' id='word_1_157' title='bbox 827 1304 892 1355; x_wconf 88' lang='lat' dir='ltr'>ad</span> <span class='ocrx_word' id='word_1_158' title='bbox 920 1303 1031 1355; x_wconf 80' lang='lat'>33&#39;&#39;.</span> <span class='ocrx_word' id='word_1_159' title='bbox 1064 1304 1184 1353; x_wconf 89' lang='lat'>10&#39;&#39;&#39;.</span> <span class='ocrx_word' id='word_1_160' title='bbox 1216 1299 1332 1352; x_wconf 46' lang='lat'>33³&amp;</span> <span class='ocrx_word' id='word_1_161' title='bbox 1366 1306 1466 1351; x_wconf 65' lang='lat'>12⁹.</span> <span class='ocrx_word' id='word_1_162' title='bbox 1508 1309 1566 1350; x_wconf 94' lang='lat' dir='ltr'>ut</span> <span class='ocrx_word' id='word_1_163' title='bbox 1591 1310 1891 1350; x_wconf 89' lang='lat' dir='ltr'>contentum</span> <span class='ocrx_word' id='word_1_164' title='bbox 1918 1300 2013 1350; x_wconf 91' lang='lat' dir='ltr'>sub</span> <span class='ocrx_word' id='word_1_165' title='bbox 2041 1300 2253 1350; x_wconf 85' lang='lat' dir='ltr'>sinubus</span> 
     </span>
     <span class='ocr_line' id='line_1_16' title="bbox 128 1389 2255 1469; baseline -0.005 -20"><span class='ocrx_word' id='word_1_166' title='bbox 128 1397 436 1469; x_wconf 88' lang='lat' dir='ltr'>angulorum</span> <span class='ocrx_word' id='word_1_167' title='bbox 462 1397 618 1447; x_wconf 92' lang='lat' dir='ltr'>trium</span> <span class='ocrx_word' id='word_1_168' title='bbox 662 1395 712 1446; x_wconf 93' lang='lat' dir='ltr'><strong>T</strong></span> <span class='ocrx_word' id='word_1_169' title='bbox 741 1394 783 1445; x_wconf 92' lang='lat' dir='ltr'>P</span> <span class='ocrx_word' id='word_1_170' title='bbox 811 1394 853 1456; x_wconf 90' lang='lat' dir='ltr'>I,</span> <span class='ocrx_word' id='word_1_171' title='bbox 897 1393 940 1444; x_wconf 92' lang='lat' dir='ltr'>P</span> <span class='ocrx_word' id='word_1_172' title='bbox 968 1392 1018 1443; x_wconf 95' lang='lat' dir='ltr'><strong>T</strong></span> <span class='ocrx_word' id='word_1_173' title='bbox 1046 1391 1114 1453; x_wconf 92' lang='lat' dir='ltr'>N,</span> <span class='ocrx_word' id='word_1_174' title='bbox 1156 1400 1207 1441; x_wconf 89' lang='lat' dir='ltr'>et</span> <span class='ocrx_word' id='word_1_175' title='bbox 1254 1391 1290 1441; x_wconf 89' lang='lat' dir='ltr'>S</span> <span class='ocrx_word' id='word_1_176' title='bbox 1318 1389 1369 1440; x_wconf 93' lang='lat' dir='ltr'>T</span> <span class='ocrx_word' id='word_1_177' title='bbox 1397 1390 1449 1440; x_wconf 94' lang='lat' dir='ltr'>N</span> <span class='ocrx_word' id='word_1_178' title='bbox 1493 1394 1606 1458; x_wconf 87' lang='lat' dir='ltr'>(seu</span> <span class='ocrx_word' id='word_1_179' title='bbox 1632 1389 1992 1440; x_wconf 88' lang='lat' dir='ltr'>distantiarum</span> <span class='ocrx_word' id='word_1_180' title='bbox 2020 1389 2187 1440; x_wconf 86' lang='lat' dir='ltr'>Lunae</span> <span class='ocrx_word' id='word_1_181' title='bbox 2225 1409 2255 1440; x_wconf 82' lang='lat' dir='ltr'>a</span> 
     </span>
    </p>
   </div>
   <div class='ocr_carea' id='block_1_6' title="bbox 129 1480 2255 1559">
    <p class='ocr_par' dir='ltr' id='par_1_6' title="bbox 129 1480 2255 1559">
     <span class='ocr_line' id='line_1_17' title="bbox 129 1480 2255 1559; baseline -0.004 -20"><span class='ocrx_word' id='word_1_182' title='bbox 129 1487 456 1559; x_wconf 71' lang='lat' dir='ltr'>quadratura,</span> <span class='ocrx_word' id='word_1_183' title='bbox 487 1486 654 1537; x_wconf 83' lang='lat' dir='ltr'>Lunae</span> <span class='ocrx_word' id='word_1_184' title='bbox 679 1505 709 1535; x_wconf 89' lang='lat' dir='ltr'>a</span> <span class='ocrx_word' id='word_1_185' title='bbox 735 1483 889 1546; x_wconf 90' lang='lat' dir='ltr'>nodo,</span> <span class='ocrx_word' id='word_1_186' title='bbox 919 1493 970 1535; x_wconf 94' lang='lat' dir='ltr'>et</span> <span class='ocrx_word' id='word_1_187' title='bbox 993 1481 1118 1533; x_wconf 89' lang='lat' dir='ltr'>nodi</span> <span class='ocrx_word' id='word_1_188' title='bbox 1144 1501 1174 1533; x_wconf 93' lang='lat' dir='ltr'>a</span> <span class='ocrx_word' id='word_1_189' title='bbox 1204 1480 1344 1545; x_wconf 87' lang='lat' dir='ltr'>Sole)</span> <span class='ocrx_word' id='word_1_190' title='bbox 1385 1480 1451 1531; x_wconf 90' lang='lat' dir='ltr'>ad</span> <span class='ocrx_word' id='word_1_191' title='bbox 1489 1481 1680 1531; x_wconf 88' lang='lat' dir='ltr'>cubum</span> <span class='ocrx_word' id='word_1_192' title='bbox 1705 1480 1851 1531; x_wconf 85' lang='lat' dir='ltr'>radii.</span> <span class='ocrx_word' id='word_1_193' title='bbox 1927 1481 1987 1550; x_wconf 91' lang='lat'>(⁰)</span> <span class='ocrx_word' id='word_1_194' title='bbox 2031 1480 2099 1532; x_wconf 89' lang='lat' dir='ltr'>Et</span> <span class='ocrx_word' id='word_1_195' title='bbox 2126 1499 2255 1550; x_wconf 90' lang='lat' dir='ltr'>quo-</span> 
     </span>
    </p>
   </div>
   <div class='ocr_carea' id='block_1_7' title="bbox 127 1664 1161 1824">
    <p class='ocr_par' dir='ltr' id='par_1_7' title="bbox 127 1664 1161 1824">
     <span class='ocr_line' id='line_1_18' title="bbox 182 1664 1160 1722; baseline -0.008 -14"><span class='ocrx_word' id='word_1_196' title='bbox 182 1669 248 1722; x_wconf 79' lang='lat' dir='ltr'>(m)</span> <span class='ocrx_word' id='word_1_197' title='bbox 284 1672 305 1694; x_wconf 70' lang='lat'>²*</span> <span class='ocrx_word' id='word_1_198' title='bbox 335 1671 392 1707; x_wconf 81' lang='lat' dir='ltr'>Et</span> <span class='ocrx_word' id='word_1_199' title='bbox 408 1669 572 1718; x_wconf 84' lang='lat' dir='ltr'>angulus</span> <span class='ocrx_word' id='word_1_200' title='bbox 595 1670 631 1705; x_wconf 92' lang='lat' dir='ltr'>P</span> <span class='ocrx_word' id='word_1_201' title='bbox 651 1669 687 1705; x_wconf 86' lang='lat' dir='ltr'><strong><em>T</em></strong></span> <span class='ocrx_word' id='word_1_202' title='bbox 702 1669 756 1706; x_wconf 89' lang='lat' dir='ltr'><em>M</em></span> <span class='ocrx_word' id='word_1_203' title='bbox 774 1667 929 1717; x_wconf 82' lang='lat' dir='ltr'>aequalis</span> <span class='ocrx_word' id='word_1_204' title='bbox 948 1672 1001 1702; x_wconf 78' lang='lat' dir='ltr'>est</span> <span class='ocrx_word' id='word_1_205' title='bbox 1019 1664 1160 1712; x_wconf 77' lang='lat' dir='ltr'>angulo</span> 
     </span>
     <span class='ocr_line' id='line_1_19' title="bbox 127 1715 1161 1779; baseline -0.01 -17"><span class='ocrx_word' id='word_1_206' title='bbox 127 1724 349 1774; x_wconf 58' lang='lat' dir='ltr'>deflexionis.</span> <span class='ocrx_word' id='word_1_207' title='bbox 412 1721 597 1770; x_wconf 86' lang='lat' dir='ltr'>Angulus</span> <span class='ocrx_word' id='word_1_208' title='bbox 627 1720 674 1757; x_wconf 98' lang='lat' dir='ltr'>M</span> <span class='ocrx_word' id='word_1_209' title='bbox 698 1720 733 1756; x_wconf 90' lang='lat' dir='ltr'>P</span> <span class='ocrx_word' id='word_1_210' title='bbox 751 1733 775 1768; x_wconf 92' lang='lat' dir='ltr'>p</span> <span class='ocrx_word' id='word_1_211' title='bbox 807 1727 864 1756; x_wconf 84' lang='lat' dir='ltr'>est</span> <span class='ocrx_word' id='word_1_212' title='bbox 895 1718 1063 1768; x_wconf 83' lang='lat' dir='ltr'>angulus</span> <span class='ocrx_word' id='word_1_213' title='bbox 1095 1715 1161 1779; x_wconf 57' lang='lat' dir='ltr'>de:</span> 
     </span>
     <span class='ocr_line' id='line_1_20' title="bbox 128 1771 1160 1824; baseline -0.007 -10"><span class='ocrx_word' id='word_1_214' title='bbox 128 1775 301 1814; x_wconf 84' lang='lat' dir='ltr'>flexionis</span> <span class='ocrx_word' id='word_1_215' title='bbox 336 1774 385 1813; x_wconf 92' lang='lat' dir='ltr'>de</span> <span class='ocrx_word' id='word_1_216' title='bbox 421 1787 497 1824; x_wconf 91' lang='lat' dir='ltr'>quo</span> <span class='ocrx_word' id='word_1_217' title='bbox 534 1786 640 1813; x_wconf 88' lang='lat' dir='ltr'>nunc</span> <span class='ocrx_word' id='word_1_218' title='bbox 668 1772 807 1823; x_wconf 83' lang='lat' dir='ltr'>agitur,</span> <span class='ocrx_word' id='word_1_219' title='bbox 846 1771 1039 1822; x_wconf 81' lang='lat' dir='ltr'>triangula</span> <span class='ocrx_word' id='word_1_220' title='bbox 1069 1782 1160 1807; x_wconf 84' lang='lat' dir='ltr'>vero</span> 
     </span>
    </p>
   </div>
   <div class='ocr_carea' id='block_1_8' title="bbox 137 2231 1144 2605">
    <p class='ocr_par' dir='ltr' id='par_1_8' title="bbox 137 2231 1144 2605">
     <span class='ocr_line' id='line_1_21' title="bbox 137 2231 1106 2416; baseline 0.004 -109"><span class='ocrx_word' id='word_1_221' title='bbox 137 2231 1106 2416; x_wconf 38' lang='lat' dir='ltr'>sm--QVT</span> 
     </span>
     <span class='ocr_line' id='line_1_22' title="bbox 738 2371 1144 2605; baseline -0.002 0"><span class='ocrx_word' id='word_1_222' title='bbox 738 2371 1144 2605; x_wconf 29' lang='lat' dir='ltr'>*L</span> 
     </span>
    </p>
   </div>
   <div class='ocr_carea' id='block_1_9' title="bbox 129 2671 1175 3728">
    <p class='ocr_par' dir='ltr' id='par_1_9' title="bbox 129 2671 1175 3728">
     <span class='ocr_line' id='line_1_23' title="bbox 132 2671 1167 2721; baseline -0.002 -12"><span class='ocrx_word' id='word_1_223' title='bbox 132 2671 182 2709; x_wconf 95' lang='lat' dir='ltr'>M</span> <span class='ocrx_word' id='word_1_224' title='bbox 203 2671 238 2709; x_wconf 95' lang='lat' dir='ltr'>P</span> <span class='ocrx_word' id='word_1_225' title='bbox 255 2685 290 2720; x_wconf 89' lang='lat' dir='ltr'>p,</span> <span class='ocrx_word' id='word_1_226' title='bbox 327 2672 376 2710; x_wconf 91' lang='lat' dir='ltr'>M</span> <span class='ocrx_word' id='word_1_227' title='bbox 399 2672 432 2709; x_wconf 97' lang='lat' dir='ltr'>P</span> <span class='ocrx_word' id='word_1_228' title='bbox 454 2673 490 2710; x_wconf 88' lang='lat' dir='ltr'>T</span> <span class='ocrx_word' id='word_1_229' title='bbox 520 2678 611 2710; x_wconf 89' lang='lat' dir='ltr'>sunt</span> <span class='ocrx_word' id='word_1_230' title='bbox 629 2671 768 2709; x_wconf 84' lang='lat' dir='ltr'>similia</span> <span class='ocrx_word' id='word_1_231' title='bbox 786 2673 834 2709; x_wconf 91' lang='lat' dir='ltr'>ob</span> <span class='ocrx_word' id='word_1_232' title='bbox 852 2671 1042 2721; x_wconf 86' lang='lat' dir='ltr'>angulum</span> <span class='ocrx_word' id='word_1_233' title='bbox 1063 2684 1167 2707; x_wconf 90' lang='lat' dir='ltr'>com-</span> 
     </span>
     <span class='ocr_line' id='line_1_24' title="bbox 129 2724 1167 2775; baseline 0 -14"><span class='ocrx_word' id='word_1_234' title='bbox 129 2737 291 2762; x_wconf 88' lang='lat' dir='ltr'>munem</span> <span class='ocrx_word' id='word_1_235' title='bbox 323 2726 358 2764; x_wconf 92' lang='lat' dir='ltr'>P</span> <span class='ocrx_word' id='word_1_236' title='bbox 379 2726 426 2763; x_wconf 91' lang='lat' dir='ltr'>M</span> <span class='ocrx_word' id='word_1_237' title='bbox 451 2728 497 2772; x_wconf 90' lang='lat' dir='ltr'>T,</span> <span class='ocrx_word' id='word_1_238' title='bbox 533 2733 570 2764; x_wconf 85' lang='lat' dir='ltr'>et</span> <span class='ocrx_word' id='word_1_239' title='bbox 602 2725 766 2775; x_wconf 82' lang='lat' dir='ltr'>angulos</span> <span class='ocrx_word' id='word_1_240' title='bbox 784 2733 906 2761; x_wconf 87' lang='lat' dir='ltr'>rectos</span> <span class='ocrx_word' id='word_1_241' title='bbox 938 2725 972 2761; x_wconf 89' lang='lat' dir='ltr'>T</span> <span class='ocrx_word' id='word_1_242' title='bbox 997 2725 1029 2760; x_wconf 88' lang='lat' dir='ltr'>P</span> <span class='ocrx_word' id='word_1_243' title='bbox 1050 2724 1098 2761; x_wconf 90' lang='lat' dir='ltr'>M</span> <span class='ocrx_word' id='word_1_244' title='bbox 1129 2731 1167 2761; x_wconf 89' lang='lat' dir='ltr'>et</span> 
     </span>
     <span class='ocr_line' id='line_1_25' title="bbox 135 2777 1168 2832; baseline 0 -18"><span class='ocrx_word' id='word_1_245' title='bbox 135 2778 169 2814; x_wconf 93' lang='lat' dir='ltr'>P</span> <span class='ocrx_word' id='word_1_246' title='bbox 183 2791 207 2826; x_wconf 91' lang='lat' dir='ltr'>p</span> <span class='ocrx_word' id='word_1_247' title='bbox 225 2779 283 2822; x_wconf 91' lang='lat' dir='ltr'>M,</span> <span class='ocrx_word' id='word_1_248' title='bbox 306 2779 395 2816; x_wconf 88' lang='lat' dir='ltr'>hinc</span> <span class='ocrx_word' id='word_1_249' title='bbox 414 2779 548 2832; x_wconf 83' lang='lat' dir='ltr'>anguli</span> <span class='ocrx_word' id='word_1_250' title='bbox 567 2778 710 2816; x_wconf 86' lang='lat' dir='ltr'>residui</span> <span class='ocrx_word' id='word_1_251' title='bbox 733 2777 765 2815; x_wconf 84' lang='lat' dir='ltr'>P</span> <span class='ocrx_word' id='word_1_252' title='bbox 783 2778 818 2815; x_wconf 93' lang='lat' dir='ltr'>T</span> <span class='ocrx_word' id='word_1_253' title='bbox 834 2778 894 2823; x_wconf 91' lang='lat' dir='ltr'>M,</span> <span class='ocrx_word' id='word_1_254' title='bbox 918 2778 964 2814; x_wconf 89' lang='lat' dir='ltr'>M</span> <span class='ocrx_word' id='word_1_255' title='bbox 984 2778 1018 2814; x_wconf 92' lang='lat' dir='ltr'>P</span> <span class='ocrx_word' id='word_1_256' title='bbox 1031 2791 1057 2825; x_wconf 93' lang='lat' dir='ltr'>p</span> <span class='ocrx_word' id='word_1_257' title='bbox 1076 2785 1168 2815; x_wconf 89' lang='lat' dir='ltr'>sunt</span> 
     </span>
     <span class='ocr_line' id='line_1_26' title="bbox 131 2832 1166 2936; baseline -0.005 -14"><span class='ocrx_word' id='word_1_258' title='bbox 131 2832 306 2936; x_wconf 43' lang='lat' dir='ltr'>aeqglglei·</span> <span class='ocrx_word' id='word_1_259' title='bbox 323 2888 442 2935; x_wconf 85' lang='lat' dir='ltr'>Ergo,</span> <span class='ocrx_word' id='word_1_260' title='bbox 462 2888 531 2925; x_wconf 83' lang='lat' dir='ltr'>&amp;c.</span> <span class='ocrx_word' id='word_1_261' title='bbox 592 2884 664 2923; x_wconf 84' lang='lat' dir='ltr'>Isti</span> <span class='ocrx_word' id='word_1_262' title='bbox 692 2883 826 2934; x_wconf 83' lang='lat' dir='ltr'>anguli</span> <span class='ocrx_word' id='word_1_263' title='bbox 845 2882 1068 2921; x_wconf 87' lang='lat' dir='ltr'>deflexionis</span> <span class='ocrx_word' id='word_1_264' title='bbox 1100 2883 1166 2921; x_wconf 90' lang='lat' dir='ltr'>de.</span> 
     </span>
     <span class='ocr_line' id='line_1_27' title="bbox 131 2936 1166 2985; baseline -0.001 -11"><span class='ocrx_word' id='word_1_265' title='bbox 131 2938 224 2974; x_wconf 89' lang='lat' dir='ltr'>bent</span> <span class='ocrx_word' id='word_1_266' title='bbox 241 2951 322 2976; x_wconf 89' lang='lat' dir='ltr'>esse</span> <span class='ocrx_word' id='word_1_267' title='bbox 341 2948 385 2976; x_wconf 90' lang='lat' dir='ltr'>ut</span> <span class='ocrx_word' id='word_1_268' title='bbox 403 2941 501 2977; x_wconf 88' lang='lat' dir='ltr'>vires</span> <span class='ocrx_word' id='word_1_269' title='bbox 532 2938 617 2976; x_wconf 83' lang='lat' dir='ltr'>illas</span> <span class='ocrx_word' id='word_1_270' title='bbox 644 2936 876 2975; x_wconf 83' lang='lat' dir='ltr'>deflexiones</span> <span class='ocrx_word' id='word_1_271' title='bbox 900 2936 1166 2985; x_wconf 81' lang='lat' dir='ltr'>producentes,</span> 
     </span>
     <span class='ocr_line' id='line_1_28' title="bbox 132 2989 1167 3041; baseline 0.002 -15"><span class='ocrx_word' id='word_1_272' title='bbox 132 2989 265 3028; x_wconf 60' lang='lat' dir='ltr'>in&#39;hoc</span> <span class='ocrx_word' id='word_1_273' title='bbox 283 2992 387 3029; x_wconf 88' lang='lat' dir='ltr'>enim</span> <span class='ocrx_word' id='word_1_274' title='bbox 406 3006 508 3039; x_wconf 85' lang='lat' dir='ltr'>casu,</span> <span class='ocrx_word' id='word_1_275' title='bbox 529 3000 689 3041; x_wconf 89' lang='lat' dir='ltr'>utraque</span> <span class='ocrx_word' id='word_1_276' title='bbox 709 2991 763 3027; x_wconf 90' lang='lat' dir='ltr'>vis</span> <span class='ocrx_word' id='word_1_277' title='bbox 781 2991 861 3041; x_wconf 89' lang='lat' dir='ltr'>agit</span> <span class='ocrx_word' id='word_1_278' title='bbox 878 2990 1167 3038; x_wconf 85' lang='lat' dir='ltr'>perpendicula-</span> 
     </span>
     <span class='ocr_line' id='line_1_29' title="bbox 132 3042 1167 3098; baseline 0.001 -19"><span class='ocrx_word' id='word_1_279' title='bbox 132 3042 223 3080; x_wconf 86' lang='lat' dir='ltr'>riter</span> <span class='ocrx_word' id='word_1_280' title='bbox 254 3044 304 3081; x_wconf 88' lang='lat' dir='ltr'>ad</span> <span class='ocrx_word' id='word_1_281' title='bbox 334 3054 559 3098; x_wconf 81' lang='lat' dir='ltr'>tangentem</span> <span class='ocrx_word' id='word_1_282' title='bbox 590 3044 626 3082; x_wconf 90' lang='lat' dir='ltr'>P</span> <span class='ocrx_word' id='word_1_283' title='bbox 660 3044 720 3089; x_wconf 92' lang='lat' dir='ltr'>M,</span> <span class='ocrx_word' id='word_1_284' title='bbox 751 3044 841 3081; x_wconf 87' lang='lat' dir='ltr'>hinc</span> <span class='ocrx_word' id='word_1_285' title='bbox 869 3043 1021 3081; x_wconf 85' lang='lat' dir='ltr'>lineolae</span> <span class='ocrx_word' id='word_1_286' title='bbox 1053 3043 1100 3080; x_wconf 92' lang='lat' dir='ltr'>M</span> <span class='ocrx_word' id='word_1_287' title='bbox 1129 3057 1167 3092; x_wconf 90' lang='lat' dir='ltr'>p,</span> 
     </span>
     <span class='ocr_line' id='line_1_30' title="bbox 136 3095 1170 3148; baseline 0.002 -15"><span class='ocrx_word' id='word_1_288' title='bbox 136 3095 184 3133; x_wconf 93' lang='lat' dir='ltr'>M</span> <span class='ocrx_word' id='word_1_289' title='bbox 206 3096 242 3134; x_wconf 93' lang='lat' dir='ltr'>L</span> <span class='ocrx_word' id='word_1_290' title='bbox 275 3110 343 3146; x_wconf 85' lang='lat' dir='ltr'>per</span> <span class='ocrx_word' id='word_1_291' title='bbox 373 3112 436 3137; x_wconf 85' lang='lat' dir='ltr'>eas</span> <span class='ocrx_word' id='word_1_292' title='bbox 467 3099 564 3136; x_wconf 85' lang='lat' dir='ltr'>vires</span> <span class='ocrx_word' id='word_1_293' title='bbox 582 3097 723 3148; x_wconf 89' lang='lat' dir='ltr'>genitae</span> <span class='ocrx_word' id='word_1_294' title='bbox 752 3104 923 3145; x_wconf 86' lang='lat' dir='ltr'>tempore</span> <span class='ocrx_word' id='word_1_295' title='bbox 941 3096 1089 3141; x_wconf 88' lang='lat' dir='ltr'>eodem,</span> <span class='ocrx_word' id='word_1_296' title='bbox 1124 3110 1170 3135; x_wconf 90' lang='lat' dir='ltr'>eo</span> 
     </span>
     <span class='ocr_line' id='line_1_31' title="bbox 134 3149 1167 3201; baseline 0.001 -15"><span class='ocrx_word' id='word_1_297' title='bbox 134 3160 273 3197; x_wconf 84' lang='lat' dir='ltr'>nempe</span> <span class='ocrx_word' id='word_1_298' title='bbox 304 3164 382 3201; x_wconf 89' lang='lat' dir='ltr'>quo</span> <span class='ocrx_word' id='word_1_299' title='bbox 409 3159 651 3201; x_wconf 73' lang='lat' dir='ltr'>pei-curretur</span> <span class='ocrx_word' id='word_1_300' title='bbox 668 3150 861 3199; x_wconf 86' lang='lat' dir='ltr'>tangentis</span> <span class='ocrx_word' id='word_1_301' title='bbox 892 3149 1015 3198; x_wconf 86' lang='lat' dir='ltr'>portio</span> <span class='ocrx_word' id='word_1_302' title='bbox 1050 3149 1085 3187; x_wconf 93' lang='lat' dir='ltr'>P</span> <span class='ocrx_word' id='word_1_303' title='bbox 1105 3150 1167 3196; x_wconf 92' lang='lat' dir='ltr'>M,</span> 
     </span>
     <span class='ocr_line' id='line_1_32' title="bbox 134 3200 1169 3255; baseline 0 -16"><span class='ocrx_word' id='word_1_304' title='bbox 134 3200 275 3240; x_wconf 89' lang='lat' dir='ltr'>debent</span> <span class='ocrx_word' id='word_1_305' title='bbox 301 3216 381 3242; x_wconf 87' lang='lat' dir='ltr'>esse</span> <span class='ocrx_word' id='word_1_306' title='bbox 408 3213 453 3243; x_wconf 92' lang='lat' dir='ltr'>ut</span> <span class='ocrx_word' id='word_1_307' title='bbox 479 3205 571 3255; x_wconf 83' lang='lat' dir='ltr'>ipsoe</span> <span class='ocrx_word' id='word_1_308' title='bbox 589 3204 667 3242; x_wconf 87' lang='lat' dir='ltr'>illae</span> <span class='ocrx_word' id='word_1_309' title='bbox 685 3203 807 3248; x_wconf 87' lang='lat' dir='ltr'>vires;</span> <span class='ocrx_word' id='word_1_310' title='bbox 836 3216 891 3240; x_wconf 89' lang='lat' dir='ltr'>eae</span> <span class='ocrx_word' id='word_1_311' title='bbox 909 3202 999 3239; x_wconf 63' lang='lat' dir='ltr'>vers&gt;</span> <span class='ocrx_word' id='word_1_312' title='bbox 1017 3202 1169 3240; x_wconf 88' lang='lat' dir='ltr'>lineolae</span> 
     </span>
     <span class='ocr_line' id='line_1_33' title="bbox 134 3256 1170 3307; baseline 0.002 -16"><span class='ocrx_word' id='word_1_313' title='bbox 134 3263 289 3304; x_wconf 85' lang='lat' dir='ltr'>sumpto</span> <span class='ocrx_word' id='word_1_314' title='bbox 304 3256 338 3294; x_wconf 90' lang='lat' dir='ltr'>P</span> <span class='ocrx_word' id='word_1_315' title='bbox 353 3258 401 3296; x_wconf 93' lang='lat' dir='ltr'>M</span> <span class='ocrx_word' id='word_1_316' title='bbox 414 3270 482 3307; x_wconf 89' lang='lat' dir='ltr'>pro</span> <span class='ocrx_word' id='word_1_317' title='bbox 495 3257 600 3296; x_wconf 84' lang='lat' dir='ltr'>radio</span> <span class='ocrx_word' id='word_1_318' title='bbox 619 3263 710 3295; x_wconf 89' lang='lat' dir='ltr'>suut</span> <span class='ocrx_word' id='word_1_319' title='bbox 723 3262 923 3307; x_wconf 86' lang='lat' dir='ltr'>tangentes</span> <span class='ocrx_word' id='word_1_320' title='bbox 936 3256 1170 3305; x_wconf 87' lang='lat' dir='ltr'>angulorum</span> 
     </span>
     <span class='ocr_line' id='line_1_34' title="bbox 134 3306 1170 3360; baseline -0.001 -15"><span class='ocrx_word' id='word_1_321' title='bbox 134 3306 358 3347; x_wconf 84' lang='lat' dir='ltr'>deflexionis</span> <span class='ocrx_word' id='word_1_322' title='bbox 375 3324 401 3359; x_wconf 92' lang='lat' dir='ltr'><strong>p</strong></span> <span class='ocrx_word' id='word_1_323' title='bbox 428 3311 463 3349; x_wconf 89' lang='lat' dir='ltr'>P</span> <span class='ocrx_word' id='word_1_324' title='bbox 481 3312 541 3357; x_wconf 92' lang='lat' dir='ltr'>M,</span> <span class='ocrx_word' id='word_1_325' title='bbox 565 3311 611 3348; x_wconf 91' lang='lat' dir='ltr'>M</span> <span class='ocrx_word' id='word_1_326' title='bbox 627 3310 662 3347; x_wconf 90' lang='lat' dir='ltr'>P</span> <span class='ocrx_word' id='word_1_327' title='bbox 677 3309 726 3356; x_wconf 93' lang='lat' dir='ltr'>L,</span> <span class='ocrx_word' id='word_1_328' title='bbox 753 3316 792 3346; x_wconf 93' lang='lat' dir='ltr'>et</span> <span class='ocrx_word' id='word_1_329' title='bbox 810 3308 944 3360; x_wconf 84' lang='lat' dir='ltr'>anguli</span> <span class='ocrx_word' id='word_1_330' title='bbox 963 3308 1079 3358; x_wconf 74' lang='lat' dir='ltr'>quam</span> <span class='ocrx_word' id='word_1_331' title='bbox 1099 3309 1170 3345; x_wconf 89' lang='lat' dir='ltr'>mi-</span> 
     </span>
     <span class='ocr_line' id='line_1_35' title="bbox 134 3360 1173 3413; baseline 0.002 -16"><span class='ocrx_word' id='word_1_332' title='bbox 134 3360 231 3398; x_wconf 87' lang='lat' dir='ltr'>nimi</span> <span class='ocrx_word' id='word_1_333' title='bbox 251 3370 342 3400; x_wconf 81' lang='lat' dir='ltr'>sunt</span> <span class='ocrx_word' id='word_1_334' title='bbox 358 3371 404 3401; x_wconf 88' lang='lat' dir='ltr'>ut</span> <span class='ocrx_word' id='word_1_335' title='bbox 420 3363 591 3412; x_wconf 82' lang='lat' dir='ltr'>ipsorum</span> <span class='ocrx_word' id='word_1_336' title='bbox 609 3370 821 3413; x_wconf 79' lang='lat' dir='ltr'>tangenteS,</span> <span class='ocrx_word' id='word_1_337' title='bbox 851 3374 943 3412; x_wconf 86' lang='lat' dir='ltr'>ergo</span> <span class='ocrx_word' id='word_1_338' title='bbox 961 3361 1096 3412; x_wconf 86' lang='lat' dir='ltr'>anguli</span> <span class='ocrx_word' id='word_1_339' title='bbox 1115 3361 1173 3399; x_wconf 91' lang='lat' dir='ltr'>illi</span> 
     </span>
     <span class='ocr_line' id='line_1_36' title="bbox 135 3412 1174 3464; baseline 0 -12"><span class='ocrx_word' id='word_1_340' title='bbox 135 3412 358 3453; x_wconf 81' lang='lat' dir='ltr'>deflexionis</span> <span class='ocrx_word' id='word_1_341' title='bbox 376 3426 467 3454; x_wconf 86' lang='lat' dir='ltr'>sunt</span> <span class='ocrx_word' id='word_1_342' title='bbox 485 3425 530 3454; x_wconf 90' lang='lat' dir='ltr'>ut</span> <span class='ocrx_word' id='word_1_343' title='bbox 548 3416 643 3453; x_wconf 80' lang='lat' dir='ltr'>vires</span> <span class='ocrx_word' id='word_1_344' title='bbox 660 3416 745 3453; x_wconf 83' lang='lat' dir='ltr'>illas</span> <span class='ocrx_word' id='word_1_345' title='bbox 758 3414 1024 3464; x_wconf 86' lang='lat' dir='ltr'>producentes,</span> <span class='ocrx_word' id='word_1_346' title='bbox 1045 3423 1174 3452; x_wconf 81' lang='lat' dir='ltr'>motus</span> 
     </span>
     <span class='ocr_line' id='line_1_37' title="bbox 134 3468 1175 3519; baseline 0 -15"><span class='ocrx_word' id='word_1_347' title='bbox 134 3473 265 3505; x_wconf 80' lang='lat' dir='ltr'>autem</span> <span class='ocrx_word' id='word_1_348' title='bbox 284 3469 424 3507; x_wconf 86' lang='lat' dir='ltr'>horarii</span> <span class='ocrx_word' id='word_1_349' title='bbox 440 3470 565 3507; x_wconf 89' lang='lat' dir='ltr'>Lunae</span> <span class='ocrx_word' id='word_1_350' title='bbox 583 3476 621 3506; x_wconf 86' lang='lat' dir='ltr'>et</span> <span class='ocrx_word' id='word_1_351' title='bbox 639 3468 829 3506; x_wconf 88' lang='lat' dir='ltr'>nodorum</span> <span class='ocrx_word' id='word_1_352' title='bbox 844 3474 935 3505; x_wconf 91' lang='lat' dir='ltr'>sunt</span> <span class='ocrx_word' id='word_1_353' title='bbox 953 3468 1023 3516; x_wconf 88' lang='lat' dir='ltr'>ipsi</span> <span class='ocrx_word' id='word_1_354' title='bbox 1038 3468 1175 3519; x_wconf 86' lang='lat' dir='ltr'>anguli</span> 
     </span>
     <span class='ocr_line' id='line_1_38' title="bbox 138 3519 1173 3571; baseline 0 -14"><span class='ocrx_word' id='word_1_355' title='bbox 138 3519 174 3557; x_wconf 89' lang='lat' dir='ltr'>P</span> <span class='ocrx_word' id='word_1_356' title='bbox 189 3520 225 3558; x_wconf 91' lang='lat' dir='ltr'>T</span> <span class='ocrx_word' id='word_1_357' title='bbox 239 3521 289 3559; x_wconf 89' lang='lat' dir='ltr'>M</span> <span class='ocrx_word' id='word_1_358' title='bbox 307 3530 345 3561; x_wconf 87' lang='lat' dir='ltr'>et</span> <span class='ocrx_word' id='word_1_359' title='bbox 365 3536 403 3559; x_wconf 91' lang='lat' dir='ltr'>m</span> <span class='ocrx_word' id='word_1_360' title='bbox 418 3523 454 3561; x_wconf 93' lang='lat' dir='ltr'>T</span> <span class='ocrx_word' id='word_1_361' title='bbox 466 3523 492 3568; x_wconf 92' lang='lat' dir='ltr'>l,</span> <span class='ocrx_word' id='word_1_362' title='bbox 513 3522 579 3571; x_wconf 90' lang='lat' dir='ltr'>qui</span> <span class='ocrx_word' id='word_1_363' title='bbox 591 3528 681 3559; x_wconf 85' lang='lat' dir='ltr'>sunt</span> <span class='ocrx_word' id='word_1_364' title='bbox 699 3533 746 3558; x_wconf 86' lang='lat' dir='ltr'>ex</span> <span class='ocrx_word' id='word_1_365' title='bbox 765 3521 1032 3558; x_wconf 84' lang='lat' dir='ltr'>demonstratis</span> <span class='ocrx_word' id='word_1_366' title='bbox 1046 3533 1173 3570; x_wconf 80' lang='lat' dir='ltr'>aequa-</span> 
     </span>
     <span class='ocr_line' id='line_1_39' title="bbox 134 3571 1175 3625; baseline 0.001 -16"><span class='ocrx_word' id='word_1_367' title='bbox 134 3571 191 3610; x_wconf 79' lang='lat' dir='ltr'>les</span> <span class='ocrx_word' id='word_1_368' title='bbox 216 3575 370 3625; x_wconf 82' lang='lat' dir='ltr'>angulis</span> <span class='ocrx_word' id='word_1_369' title='bbox 388 3575 648 3613; x_wconf 84' lang='lat' dir='ltr'>deflexionum</span> <span class='ocrx_word' id='word_1_370' title='bbox 680 3575 724 3611; x_wconf 92' lang='lat' dir='ltr'>M</span> <span class='ocrx_word' id='word_1_371' title='bbox 750 3573 785 3612; x_wconf 92' lang='lat' dir='ltr'>P</span> <span class='ocrx_word' id='word_1_372' title='bbox 803 3586 841 3622; x_wconf 88' lang='lat' dir='ltr'>p,</span> <span class='ocrx_word' id='word_1_373' title='bbox 876 3574 921 3611; x_wconf 89' lang='lat' dir='ltr'>M</span> <span class='ocrx_word' id='word_1_374' title='bbox 947 3573 981 3610; x_wconf 96' lang='grc' dir='ltr'>Ρ</span> <span class='ocrx_word' id='word_1_375' title='bbox 1003 3574 1052 3620; x_wconf 91' lang='lat' dir='ltr'>L,</span> <span class='ocrx_word' id='word_1_376' title='bbox 1084 3586 1175 3624; x_wconf 87' lang='lat' dir='ltr'>ergo</span> 
     </span>
     <span class='ocr_line' id='line_1_40' title="bbox 134 3625 1174 3676; baseline 0.001 -14"><span class='ocrx_word' id='word_1_377' title='bbox 134 3632 266 3664; x_wconf 87' lang='lat' dir='ltr'>motus</span> <span class='ocrx_word' id='word_1_378' title='bbox 292 3629 431 3667; x_wconf 70' lang='lat' dir='ltr'>horarii</span> <span class='ocrx_word' id='word_1_379' title='bbox 450 3635 541 3666; x_wconf 91' lang='lat' dir='ltr'>sunt</span> <span class='ocrx_word' id='word_1_380' title='bbox 558 3636 603 3666; x_wconf 89' lang='lat' dir='ltr'>ut</span> <span class='ocrx_word' id='word_1_381' title='bbox 622 3626 719 3664; x_wconf 84' lang='lat' dir='ltr'>vires</span> <span class='ocrx_word' id='word_1_382' title='bbox 736 3625 821 3664; x_wconf 84' lang='lat' dir='ltr'>illas</span> <span class='ocrx_word' id='word_1_383' title='bbox 839 3626 1069 3664; x_wconf 83' lang='lat' dir='ltr'>deflexiones</span> <span class='ocrx_word' id='word_1_384' title='bbox 1089 3638 1174 3676; x_wconf 81' lang='lat' dir='ltr'>pro·</span> 
     </span>
     <span class='ocr_line' id='line_1_41' title="bbox 136 3677 545 3728; baseline 0.005 -11"><span class='ocrx_word' id='word_1_385' title='bbox 136 3677 335 3720; x_wconf 81' lang='lat' dir='ltr'>ducentes.</span> <span class='ocrx_word' id='word_1_386' title='bbox 389 3683 439 3728; x_wconf 83' lang='lat' dir='ltr'>Q.</span> <span class='ocrx_word' id='word_1_387' title='bbox 459 3696 492 3720; x_wconf 84' lang='lat' dir='ltr'>e.</span> <span class='ocrx_word' id='word_1_388' title='bbox 509 3693 545 3719; x_wconf 86' lang='lat' dir='ltr'>o.</span> 
     </span>
    </p>
   </div>
   <div class='ocr_carea' id='block_1_10' title="bbox 1213 1661 2295 3735">
    <p class='ocr_par' dir='ltr' id='par_1_10' title="bbox 1213 1661 2295 2722">
     <span class='ocr_line' id='line_1_42' title="bbox 1271 1661 2256 1713; baseline 0.002 -14"><span class='ocrx_word' id='word_1_389' title='bbox 1271 1661 1325 1713; x_wconf 87' lang='lat'>(⁰)</span> <span class='ocrx_word' id='word_1_390' title='bbox 1365 1664 1386 1685; x_wconf 70' lang='lat'>³*</span> <span class='ocrx_word' id='word_1_391' title='bbox 1418 1663 1473 1700; x_wconf 83' lang='lat' dir='ltr'>Et</span> <span class='ocrx_word' id='word_1_392' title='bbox 1502 1665 1641 1713; x_wconf 81' lang='lat' dir='ltr'>quoties</span> <span class='ocrx_word' id='word_1_393' title='bbox 1670 1666 1821 1712; x_wconf 78' lang='lat' dir='ltr'>signum</span> <span class='ocrx_word' id='word_1_394' title='bbox 1854 1664 2014 1713; x_wconf 78' lang='lat' dir='ltr'>alicujus</span> <span class='ocrx_word' id='word_1_395' title='bbox 2047 1664 2180 1711; x_wconf 76' lang='lat' dir='ltr'>anguli</span> <span class='ocrx_word' id='word_1_396' title='bbox 2211 1666 2256 1701; x_wconf 83' lang='lat' dir='ltr'>de</span> 
     </span>
     <span class='ocr_line' id='line_1_43' title="bbox 1213 1716 2295 1767; baseline 0.003 -16"><span class='ocrx_word' id='word_1_397' title='bbox 1213 1716 1453 1766; x_wconf 85' lang='lat' dir='ltr'>affirmativo,</span> <span class='ocrx_word' id='word_1_398' title='bbox 1487 1717 1557 1753; x_wconf 84' lang='lat' dir='ltr'>&amp;c.</span> <span class='ocrx_word' id='word_1_399' title='bbox 1619 1716 1801 1767; x_wconf 85' lang='lat' dir='ltr'>Angulos</span> <span class='ocrx_word' id='word_1_400' title='bbox 1832 1717 1873 1761; x_wconf 97' lang='lat' dir='ltr'>Q</span> <span class='ocrx_word' id='word_1_401' title='bbox 1892 1716 1929 1753; x_wconf 94' lang='lat' dir='ltr'>T</span> <span class='ocrx_word' id='word_1_402' title='bbox 1951 1717 1984 1753; x_wconf 88' lang='lat' dir='ltr'>P</span> <span class='ocrx_word' id='word_1_403' title='bbox 2014 1723 2052 1753; x_wconf 85' lang='lat' dir='ltr'>et</span> <span class='ocrx_word' id='word_1_404' title='bbox 2087 1717 2124 1753; x_wconf 87' lang='lat' dir='ltr'>N</span> <span class='ocrx_word' id='word_1_405' title='bbox 2148 1716 2183 1754; x_wconf 93' lang='lat' dir='ltr'>T</span> <span class='ocrx_word' id='word_1_406' title='bbox 2205 1717 2255 1761; x_wconf 88' lang='lat' dir='ltr'>P,</span> <span class='ocrx_word' id='word_1_407' title='bbox 2293 1760 2295 1763; x_wconf 27' lang='lat'>¹</span> 
     </span>
     <span class='ocr_line' id='line_1_44' title="bbox 1215 1767 2257 1819; baseline 0.003 -15"><span class='ocrx_word' id='word_1_408' title='bbox 1215 1767 1397 1816; x_wconf 87' lang='lat' dir='ltr'>positivos</span> <span class='ocrx_word' id='word_1_409' title='bbox 1429 1777 1537 1807; x_wconf 86' lang='lat' dir='ltr'>vocat</span> <span class='ocrx_word' id='word_1_410' title='bbox 1559 1769 1784 1815; x_wconf 85' lang='lat' dir='ltr'>Newtonus‚</span> <span class='ocrx_word' id='word_1_411' title='bbox 1817 1769 1972 1819; x_wconf 83' lang='lat' dir='ltr'>quando</span> <span class='ocrx_word' id='word_1_412' title='bbox 1999 1777 2188 1817; x_wconf 85' lang='lat' dir='ltr'>punctum</span> <span class='ocrx_word' id='word_1_413' title='bbox 2220 1770 2257 1807; x_wconf 89' lang='lat' dir='ltr'>P</span> 
     </span>
     <span class='ocr_line' id='line_1_45' title="bbox 1215 1821 2259 1872; baseline 0.002 -14"><span class='ocrx_word' id='word_1_414' title='bbox 1215 1827 1272 1858; x_wconf 83' lang='lat' dir='ltr'>est</span> <span class='ocrx_word' id='word_1_415' title='bbox 1302 1821 1343 1858; x_wconf 91' lang='lat' dir='ltr'>in</span> <span class='ocrx_word' id='word_1_416' title='bbox 1373 1823 1644 1872; x_wconf 89' lang='lat' dir='ltr'>consequentia</span> <span class='ocrx_word' id='word_1_417' title='bbox 1661 1831 1835 1871; x_wconf 86' lang='lat' dir='ltr'>respectu</span> <span class='ocrx_word' id='word_1_418' title='bbox 1854 1830 2085 1872; x_wconf 87' lang='lat' dir='ltr'>punctorum</span> <span class='ocrx_word' id='word_1_419' title='bbox 2123 1823 2165 1866; x_wconf 92' lang='lat' dir='ltr'>Q</span> <span class='ocrx_word' id='word_1_420' title='bbox 2196 1823 2259 1860; x_wconf 88' lang='lat' dir='ltr'>vel</span> 
     </span>
     <span class='ocr_line' id='line_1_46' title="bbox 1217 1874 2258 1925; baseline 0.003 -14"><span class='ocrx_word' id='word_1_421' title='bbox 1217 1874 1258 1911; x_wconf 91' lang='lat' dir='ltr'>N</span> <span class='ocrx_word' id='word_1_422' title='bbox 1290 1874 1340 1912; x_wconf 87' lang='lat' dir='ltr'>ad</span> <span class='ocrx_word' id='word_1_423' title='bbox 1371 1887 1459 1923; x_wconf 92' lang='lat' dir='ltr'>quae</span> <span class='ocrx_word' id='word_1_424' title='bbox 1486 1875 1716 1922; x_wconf 86' lang='lat' dir='ltr'>referuntur,</span> <span class='ocrx_word' id='word_1_425' title='bbox 1737 1877 1810 1913; x_wconf 90' lang='lat' dir='ltr'>hoc</span> <span class='ocrx_word' id='word_1_426' title='bbox 1829 1885 1885 1913; x_wconf 89' lang='lat' dir='ltr'>est</span> <span class='ocrx_word' id='word_1_427' title='bbox 1903 1875 2071 1925; x_wconf 84' lang='lat' dir='ltr'>angulus</span> <span class='ocrx_word' id='word_1_428' title='bbox 2103 1876 2144 1919; x_wconf 87' lang='lat' dir='ltr'>Q</span> <span class='ocrx_word' id='word_1_429' title='bbox 2164 1877 2199 1914; x_wconf 92' lang='lat' dir='ltr'>T</span> <span class='ocrx_word' id='word_1_430' title='bbox 2220 1877 2258 1914; x_wconf 88' lang='lat' dir='ltr'>P</span> 
     </span>
     <span class='ocr_line' id='line_1_47' title="bbox 1214 1927 2258 1979; baseline 0.004 -16"><span class='ocrx_word' id='word_1_431' title='bbox 1214 1934 1271 1964; x_wconf 91' lang='lat' dir='ltr'>est</span> <span class='ocrx_word' id='word_1_432' title='bbox 1289 1927 1472 1976; x_wconf 85' lang='lat' dir='ltr'>positivus</span> <span class='ocrx_word' id='word_1_433' title='bbox 1490 1930 1638 1978; x_wconf 87' lang='lat' dir='ltr'>quoties</span> <span class='ocrx_word' id='word_1_434' title='bbox 1657 1942 1766 1968; x_wconf 84' lang='lat' dir='ltr'>arcus</span> <span class='ocrx_word' id='word_1_435' title='bbox 1789 1931 1829 1973; x_wconf 91' lang='lat' dir='ltr'>Q</span> <span class='ocrx_word' id='word_1_436' title='bbox 1849 1930 1893 1973; x_wconf 90' lang='lat' dir='ltr'>P,</span> <span class='ocrx_word' id='word_1_437' title='bbox 1930 1931 1977 1966; x_wconf 86' lang='lat' dir='ltr'>ab</span> <span class='ocrx_word' id='word_1_438' title='bbox 2005 1927 2143 1966; x_wconf 66' lang='lat' dir='ltr'>ultima</span> <span class='ocrx_word' id='word_1_439' title='bbox 2161 1942 2258 1979; x_wconf 88' lang='lat' dir='ltr'>qua-</span> 
     </span>
     <span class='ocr_line' id='line_1_48' title="bbox 1215 1979 2257 2032; baseline 0.004 -15"><span class='ocrx_word' id='word_1_440' title='bbox 1215 1979 1373 2018; x_wconf 70' lang='lat' dir='ltr'>dratura</span> <span class='ocrx_word' id='word_1_441' title='bbox 1396 1981 1437 2025; x_wconf 93' lang='lat' dir='ltr'>Q</span> <span class='ocrx_word' id='word_1_442' title='bbox 1457 1990 1681 2020; x_wconf 84' lang='lat' dir='ltr'>numeratus</span> <span class='ocrx_word' id='word_1_443' title='bbox 1699 1983 1740 2019; x_wconf 90' lang='lat' dir='ltr'>in</span> <span class='ocrx_word' id='word_1_444' title='bbox 1759 1982 2030 2032; x_wconf 86' lang='lat' dir='ltr'>consequentia</span> <span class='ocrx_word' id='word_1_445' title='bbox 2048 1994 2126 2019; x_wconf 91' lang='lat' dir='ltr'>non</span> <span class='ocrx_word' id='word_1_446' title='bbox 2146 1996 2257 2021; x_wconf 88' lang='lat' dir='ltr'>exce-</span> 
     </span>
     <span class='ocr_line' id='line_1_49' title="bbox 1214 2032 2258 2086; baseline 0.004 -16"><span class='ocrx_word' id='word_1_447' title='bbox 1214 2032 1272 2071; x_wconf 88' lang='lat' dir='ltr'>dit</span> <span class='ocrx_word' id='word_1_448' title='bbox 1310 2039 1384 2072; x_wconf 90' lang='lat'>180</span> <span class='ocrx_word' id='word_1_449' title='bbox 1421 2047 1479 2084; x_wconf 86' lang='lat' dir='ltr'>gr·</span> <span class='ocrx_word' id='word_1_450' title='bbox 1518 2037 1719 2086; x_wconf 87' lang='lat' dir='ltr'>negativus</span> <span class='ocrx_word' id='word_1_451' title='bbox 1755 2035 1844 2074; x_wconf 72' lang='lat' dir='ltr'>vero</span> <span class='ocrx_word' id='word_1_452' title='bbox 1880 2035 1971 2075; x_wconf 77' lang='lat' dir='ltr'>cum</span> <span class='ocrx_word' id='word_1_453' title='bbox 2004 2048 2114 2072; x_wconf 85' lang='lat' dir='ltr'>arcus</span> <span class='ocrx_word' id='word_1_454' title='bbox 2149 2037 2190 2080; x_wconf 88' lang='lat' dir='ltr'>Q</span> <span class='ocrx_word' id='word_1_455' title='bbox 2221 2037 2258 2074; x_wconf 91' lang='lat' dir='ltr'>P</span> 
     </span>
     <span class='ocr_line' id='line_1_50' title="bbox 1214 2087 2258 2139; baseline 0.004 -16"><span class='ocrx_word' id='word_1_456' title='bbox 1214 2087 1365 2125; x_wconf 86' lang='lat' dir='ltr'>excedit</span> <span class='ocrx_word' id='word_1_457' title='bbox 1400 2092 1475 2125; x_wconf 87' lang='grc'>180</span> <span class='ocrx_word' id='word_1_458' title='bbox 1502 2101 1560 2138; x_wconf 89' lang='lat' dir='ltr'>gr.</span> <span class='ocrx_word' id='word_1_459' title='bbox 1581 2103 1592 2135; x_wconf 93' lang='lat'>;</span> <span class='ocrx_word' id='word_1_460' title='bbox 1622 2088 1791 2139; x_wconf 86' lang='lat' dir='ltr'>angulus</span> <span class='ocrx_word' id='word_1_461' title='bbox 1824 2090 1865 2127; x_wconf 93' lang='lat' dir='ltr'>N</span> <span class='ocrx_word' id='word_1_462' title='bbox 1897 2090 1933 2127; x_wconf 92' lang='lat' dir='ltr'>T</span> <span class='ocrx_word' id='word_1_463' title='bbox 1964 2089 1998 2126; x_wconf 91' lang='lat' dir='ltr'>P</span> <span class='ocrx_word' id='word_1_464' title='bbox 2030 2089 2169 2136; x_wconf 85' lang='lat' dir='ltr'>pariter</span> <span class='ocrx_word' id='word_1_465' title='bbox 2200 2097 2258 2127; x_wconf 86' lang='lat' dir='ltr'>est</span> 
     </span>
     <span class='ocr_line' id='line_1_51' title="bbox 1213 2140 2257 2188; baseline 0.002 -10"><span class='ocrx_word' id='word_1_466' title='bbox 1213 2140 1399 2188; x_wconf 85' lang='lat' dir='ltr'>positivus</span> <span class='ocrx_word' id='word_1_467' title='bbox 1416 2140 1507 2179; x_wconf 73' lang='lat' dir='ltr'>cum</span> <span class='ocrx_word' id='word_1_468' title='bbox 1527 2155 1639 2180; x_wconf 86' lang='lat' dir='ltr'>arcus</span> <span class='ocrx_word' id='word_1_469' title='bbox 1660 2144 1700 2180; x_wconf 93' lang='lat' dir='ltr'>N</span> <span class='ocrx_word' id='word_1_470' title='bbox 1722 2143 1757 2180; x_wconf 93' lang='lat' dir='ltr'>P</span> <span class='ocrx_word' id='word_1_471' title='bbox 1776 2156 1799 2180; x_wconf 84' lang='lat' dir='ltr'>a</span> <span class='ocrx_word' id='word_1_472' title='bbox 1830 2142 1935 2182; x_wconf 89' lang='lat' dir='ltr'>nodo</span> <span class='ocrx_word' id='word_1_473' title='bbox 1954 2141 2183 2181; x_wconf 84' lang='lat' dir='ltr'>ascendente</span> <span class='ocrx_word' id='word_1_474' title='bbox 2214 2142 2257 2180; x_wconf 88' lang='lat' dir='ltr'>in</span> 
     </span>
     <span class='ocr_line' id='line_1_52' title="bbox 1215 2194 2253 2246; baseline 0.004 -16"><span class='ocrx_word' id='word_1_475' title='bbox 1215 2194 1487 2243; x_wconf 78' lang='lat' dir='ltr'>consequentia</span> <span class='ocrx_word' id='word_1_476' title='bbox 1522 2202 1748 2233; x_wconf 87' lang='lat' dir='ltr'>numeratus</span> <span class='ocrx_word' id='word_1_477' title='bbox 1783 2208 1863 2234; x_wconf 90' lang='lat' dir='ltr'>non</span> <span class='ocrx_word' id='word_1_478' title='bbox 1900 2194 2049 2234; x_wconf 87' lang='lat' dir='ltr'>excedit</span> <span class='ocrx_word' id='word_1_479' title='bbox 2089 2200 2165 2234; x_wconf 91' lang='lat'>180</span> <span class='ocrx_word' id='word_1_480' title='bbox 2195 2208 2253 2246; x_wconf 88' lang='lat' dir='ltr'>gr.</span> 
     </span>
     <span class='ocr_line' id='line_1_53' title="bbox 1215 2247 2258 2296; baseline 0.004 -13"><span class='ocrx_word' id='word_1_481' title='bbox 1215 2247 1415 2296; x_wconf 84' lang='lat' dir='ltr'>negativus</span> <span class='ocrx_word' id='word_1_482' title='bbox 1444 2247 1531 2285; x_wconf 74' lang='lat' dir='ltr'>vero</span> <span class='ocrx_word' id='word_1_483' title='bbox 1564 2257 1622 2287; x_wconf 87' lang='lat' dir='ltr'>est</span> <span class='ocrx_word' id='word_1_484' title='bbox 1649 2247 1742 2287; x_wconf 72' lang='lat' dir='ltr'>cum</span> <span class='ocrx_word' id='word_1_485' title='bbox 1772 2249 1805 2286; x_wconf 87' lang='lat' dir='ltr'>is</span> <span class='ocrx_word' id='word_1_486' title='bbox 1834 2261 1946 2287; x_wconf 89' lang='lat' dir='ltr'>arcus</span> <span class='ocrx_word' id='word_1_487' title='bbox 1981 2249 2022 2285; x_wconf 91' lang='lat' dir='ltr'>N</span> <span class='ocrx_word' id='word_1_488' title='bbox 2046 2249 2078 2286; x_wconf 84' lang='lat' dir='ltr'>P</span> <span class='ocrx_word' id='word_1_489' title='bbox 2108 2249 2258 2287; x_wconf 81' lang='lat' dir='ltr'>excedit</span> 
     </span>
     <span class='ocr_line' id='line_1_54' title="bbox 1219 2302 2258 2350; baseline 0.004 -13"><span class='ocrx_word' id='word_1_490' title='bbox 1219 2304 1293 2337; x_wconf 88' lang='lat'>180</span> <span class='ocrx_word' id='word_1_491' title='bbox 1310 2313 1368 2350; x_wconf 86' lang='lat' dir='ltr'>gr.</span> <span class='ocrx_word' id='word_1_492' title='bbox 1430 2302 1598 2345; x_wconf 86' lang='lat' dir='ltr'>Quando</span> <span class='ocrx_word' id='word_1_493' title='bbox 1617 2303 1718 2339; x_wconf 89' lang='lat' dir='ltr'>enim</span> <span class='ocrx_word' id='word_1_494' title='bbox 1739 2315 1849 2340; x_wconf 89' lang='lat' dir='ltr'>arcus</span> <span class='ocrx_word' id='word_1_495' title='bbox 1882 2303 1923 2346; x_wconf 89' lang='lat' dir='ltr'>Q</span> <span class='ocrx_word' id='word_1_496' title='bbox 1942 2302 1988 2348; x_wconf 88' lang='lat' dir='ltr'>P,</span> <span class='ocrx_word' id='word_1_497' title='bbox 2023 2303 2061 2339; x_wconf 94' lang='lat' dir='ltr'>N</span> <span class='ocrx_word' id='word_1_498' title='bbox 2085 2303 2119 2339; x_wconf 95' lang='lat' dir='ltr'>P</span> <span class='ocrx_word' id='word_1_499' title='bbox 2146 2316 2258 2341; x_wconf 87' lang='lat' dir='ltr'>exce—</span> 
     </span>
     <span class='ocr_line' id='line_1_55' title="bbox 1215 2352 2258 2406; baseline 0.005 -17"><span class='ocrx_word' id='word_1_500' title='bbox 1215 2352 1313 2390; x_wconf 89' lang='lat' dir='ltr'>dunt</span> <span class='ocrx_word' id='word_1_501' title='bbox 1348 2358 1423 2391; x_wconf 84' lang='lat'>180</span> <span class='ocrx_word' id='word_1_502' title='bbox 1440 2367 1497 2404; x_wconf 91' lang='lat' dir='ltr'>gr.</span> <span class='ocrx_word' id='word_1_503' title='bbox 1521 2363 1615 2393; x_wconf 88' lang='lat' dir='ltr'>tunc</span> <span class='ocrx_word' id='word_1_504' title='bbox 1634 2355 1769 2406; x_wconf 86' lang='lat' dir='ltr'>anguli</span> <span class='ocrx_word' id='word_1_505' title='bbox 1800 2356 1837 2399; x_wconf 82' lang='lat' dir='ltr'><strong>Q</strong></span> <span class='ocrx_word' id='word_1_506' title='bbox 1859 2356 1895 2393; x_wconf 95' lang='lat' dir='ltr'>T</span> <span class='ocrx_word' id='word_1_507' title='bbox 1916 2355 1962 2400; x_wconf 91' lang='lat' dir='ltr'>P,</span> <span class='ocrx_word' id='word_1_508' title='bbox 1996 2356 2034 2393; x_wconf 96' lang='lat' dir='ltr'>N</span> <span class='ocrx_word' id='word_1_509' title='bbox 2057 2357 2093 2394; x_wconf 88' lang='lat' dir='ltr'>T</span> <span class='ocrx_word' id='word_1_510' title='bbox 2114 2357 2150 2394; x_wconf 95' lang='lat' dir='ltr'>P</span> <span class='ocrx_word' id='word_1_511' title='bbox 2178 2369 2258 2394; x_wconf 88' lang='lat' dir='ltr'>non</span> 
     </span>
     <span class='ocr_line' id='line_1_56' title="bbox 1216 2407 2257 2455; baseline 0.004 -13"><span class='ocrx_word' id='word_1_512' title='bbox 1216 2407 1381 2455; x_wconf 82' lang='lat' dir='ltr'>amplius</span> <span class='ocrx_word' id='word_1_513' title='bbox 1409 2416 1662 2446; x_wconf 86' lang='lat' dir='ltr'>numerantur</span> <span class='ocrx_word' id='word_1_514' title='bbox 1689 2408 1905 2446; x_wconf 67' lang='lat' dir='ltr'>secundum</span> <span class='ocrx_word' id='word_1_515' title='bbox 1926 2408 2052 2446; x_wconf 89' lang='lat' dir='ltr'>Lunae</span> <span class='ocrx_word' id='word_1_516' title='bbox 2080 2410 2257 2447; x_wconf 89' lang='lat' dir='ltr'>directio-</span> 
     </span>
     <span class='ocr_line' id='line_1_57' title="bbox 1216 2460 2255 2511; baseline 0.005 -16"><span class='ocrx_word' id='word_1_517' title='bbox 1216 2472 1316 2505; x_wconf 88' lang='lat' dir='ltr'>nem,</span> <span class='ocrx_word' id='word_1_518' title='bbox 1333 2473 1398 2498; x_wconf 91' lang='lat' dir='ltr'>seu</span> <span class='ocrx_word' id='word_1_519' title='bbox 1412 2460 1628 2499; x_wconf 72' lang='lat' dir='ltr'>seeundum</span> <span class='ocrx_word' id='word_1_520' title='bbox 1640 2462 1739 2498; x_wconf 89' lang='lat' dir='ltr'>viam</span> <span class='ocrx_word' id='word_1_521' title='bbox 1755 2475 1871 2511; x_wconf 87' lang='lat' dir='ltr'>quam</span> <span class='ocrx_word' id='word_1_522' title='bbox 1886 2463 2003 2501; x_wconf 84' lang='lat' dir='ltr'>Luna</span> <span class='ocrx_word' id='word_1_523' title='bbox 2018 2471 2073 2500; x_wconf 89' lang='lat' dir='ltr'>est</span> <span class='ocrx_word' id='word_1_524' title='bbox 2087 2475 2255 2509; x_wconf 85' lang='lat' dir='ltr'>emensa,</span> 
     </span>
     <span class='ocr_line' id='line_1_58' title="bbox 1215 2512 2257 2564; baseline 0.003 -15"><span class='ocrx_word' id='word_1_525' title='bbox 1215 2512 1283 2549; x_wconf 89' lang='lat' dir='ltr'>sed</span> <span class='ocrx_word' id='word_1_526' title='bbox 1310 2514 1525 2551; x_wconf 74' lang='lat' dir='ltr'>secundum</span> <span class='ocrx_word' id='word_1_527' title='bbox 1545 2515 1645 2552; x_wconf 87' lang='lat' dir='ltr'>viam</span> <span class='ocrx_word' id='word_1_528' title='bbox 1663 2528 1751 2564; x_wconf 89' lang='lat' dir='ltr'>quae</span> <span class='ocrx_word' id='word_1_529' title='bbox 1769 2515 1841 2563; x_wconf 87' lang='lat' dir='ltr'>ipsi</span> <span class='ocrx_word' id='word_1_530' title='bbox 1859 2515 2107 2555; x_wconf 70' lang='lat' dir='ltr'>describenda</span> <span class='ocrx_word' id='word_1_531' title='bbox 2124 2528 2257 2564; x_wconf 88' lang='lat' dir='ltr'>super-</span> 
     </span>
     <span class='ocr_line' id='line_1_59' title="bbox 1218 2567 2258 2618; baseline 0.004 -16"><span class='ocrx_word' id='word_1_532' title='bbox 1218 2575 1276 2603; x_wconf 89' lang='lat' dir='ltr'>est</span> <span class='ocrx_word' id='word_1_533' title='bbox 1293 2574 1338 2603; x_wconf 88' lang='lat' dir='ltr'>ut</span> <span class='ocrx_word' id='word_1_534' title='bbox 1366 2567 1414 2603; x_wconf 91' lang='lat' dir='ltr'>ad</span> <span class='ocrx_word' id='word_1_535' title='bbox 1441 2577 1586 2615; x_wconf 79' lang='lat' dir='ltr'>puncta</span> <span class='ocrx_word' id='word_1_536' title='bbox 1602 2568 1643 2612; x_wconf 91' lang='lat' dir='ltr'>Q</span> <span class='ocrx_word' id='word_1_537' title='bbox 1659 2576 1697 2605; x_wconf 83' lang='lat' dir='ltr'>et</span> <span class='ocrx_word' id='word_1_538' title='bbox 1718 2569 1759 2605; x_wconf 93' lang='lat' dir='ltr'>N</span> <span class='ocrx_word' id='word_1_539' title='bbox 1778 2568 1918 2611; x_wconf 85' lang='lat' dir='ltr'>redeat,</span> <span class='ocrx_word' id='word_1_540' title='bbox 1939 2569 2028 2606; x_wconf 89' lang='lat' dir='ltr'>hinc</span> <span class='ocrx_word' id='word_1_541' title='bbox 2046 2569 2103 2605; x_wconf 89' lang='lat' dir='ltr'>illi</span> <span class='ocrx_word' id='word_1_542' title='bbox 2123 2568 2258 2618; x_wconf 88' lang='lat' dir='ltr'>anguli</span> 
     </span>
     <span class='ocr_line' id='line_1_60' title="bbox 1217 2619 2258 2671; baseline 0.004 -16"><span class='ocrx_word' id='word_1_543' title='bbox 1217 2619 1384 2669; x_wconf 86' lang='lat' dir='ltr'>negativi</span> <span class='ocrx_word' id='word_1_544' title='bbox 1399 2619 1592 2667; x_wconf 88' lang='lat' dir='ltr'>dicuntur,</span> <span class='ocrx_word' id='word_1_545' title='bbox 1609 2633 1744 2658; x_wconf 88' lang='lat' dir='ltr'>eorum</span> <span class='ocrx_word' id='word_1_546' title='bbox 1762 2630 1936 2669; x_wconf 87' lang='lat' dir='ltr'>respectu</span> <span class='ocrx_word' id='word_1_547' title='bbox 1955 2622 2022 2671; x_wconf 91' lang='lat' dir='ltr'>qui</span> <span class='ocrx_word' id='word_1_548' title='bbox 2041 2621 2258 2659; x_wconf 73' lang='lat' dir='ltr'>secundum</span> 
     </span>
     <span class='ocr_line' id='line_1_61' title="bbox 1218 2670 2049 2722; baseline 0.004 -14"><span class='ocrx_word' id='word_1_549' title='bbox 1218 2672 1321 2709; x_wconf 90' lang='lat' dir='ltr'>viam</span> <span class='ocrx_word' id='word_1_550' title='bbox 1340 2685 1362 2709; x_wconf 83' lang='lat' dir='ltr'>a</span> <span class='ocrx_word' id='word_1_551' title='bbox 1383 2670 1502 2710; x_wconf 65' lang='lat' dir='ltr'>Luna</span> <span class='ocrx_word' id='word_1_552' title='bbox 1519 2673 1748 2722; x_wconf 88' lang='lat' dir='ltr'>descriptam</span> <span class='ocrx_word' id='word_1_553' title='bbox 1766 2685 2049 2712; x_wconf 87' lang='lat' dir='ltr'>mensurantur.</span> 
     </span>
    </p>

    <p class='ocr_par' dir='ltr' id='par_1_11' title="bbox 1217 2725 2260 3202">
     <span class='ocr_line' id='line_1_62' title="bbox 1274 2725 2258 2779; baseline 0.005 -18"><span class='ocrx_word' id='word_1_554' title='bbox 1274 2726 1459 2775; x_wconf 85' lang='lat' dir='ltr'>Angulus</span> <span class='ocrx_word' id='word_1_555' title='bbox 1478 2725 1567 2765; x_wconf 66' lang='lat' dir='ltr'>ver&amp;</span> <span class='ocrx_word' id='word_1_556' title='bbox 1591 2728 1617 2765; x_wconf 88' lang='lat' dir='ltr'>S</span> <span class='ocrx_word' id='word_1_557' title='bbox 1634 2728 1670 2765; x_wconf 91' lang='lat' dir='ltr'>T</span> <span class='ocrx_word' id='word_1_558' title='bbox 1687 2728 1726 2765; x_wconf 93' lang='lat' dir='ltr'>N</span> <span class='ocrx_word' id='word_1_559' title='bbox 1740 2726 1925 2775; x_wconf 88' lang='lat' dir='ltr'>positivus</span> <span class='ocrx_word' id='word_1_560' title='bbox 1943 2728 2085 2765; x_wconf 89' lang='lat' dir='ltr'>dicitur</span> <span class='ocrx_word' id='word_1_561' title='bbox 2102 2727 2258 2779; x_wconf 88' lang='lat' dir='ltr'>quando</span> 
     </span>
     <span class='ocr_line' id='line_1_63' title="bbox 1217 2779 2259 2832; baseline 0.003 -16"><span class='ocrx_word' id='word_1_562' title='bbox 1217 2790 1328 2816; x_wconf 85' lang='lat' dir='ltr'>arcus</span> <span class='ocrx_word' id='word_1_563' title='bbox 1351 2780 1387 2815; x_wconf 92' lang='lat' dir='ltr'>A</span> <span class='ocrx_word' id='word_1_564' title='bbox 1407 2779 1446 2816; x_wconf 94' lang='lat' dir='ltr'>N</span> <span class='ocrx_word' id='word_1_565' title='bbox 1465 2793 1488 2817; x_wconf 89' lang='lat' dir='ltr'>a</span> <span class='ocrx_word' id='word_1_566' title='bbox 1506 2780 1591 2818; x_wconf 91' lang='lat' dir='ltr'>loco</span> <span class='ocrx_word' id='word_1_567' title='bbox 1609 2780 1890 2832; x_wconf 61' lang='lat' dir='ltr'>conjunctionis</span> <span class='ocrx_word' id='word_1_568' title='bbox 1910 2781 2038 2818; x_wconf 88' lang='lat' dir='ltr'>Lunae</span> <span class='ocrx_word' id='word_1_569' title='bbox 2056 2794 2148 2819; x_wconf 88' lang='lat' dir='ltr'>cum</span> <span class='ocrx_word' id='word_1_570' title='bbox 2169 2781 2259 2819; x_wconf 89' lang='lat' dir='ltr'>Sole</span> 
     </span>
     <span class='ocr_line' id='line_1_64' title="bbox 1221 2831 2259 2884; baseline 0.002 -15"><span class='ocrx_word' id='word_1_571' title='bbox 1221 2844 1342 2880; x_wconf 85' lang='lat' dir='ltr'>usque</span> <span class='ocrx_word' id='word_1_572' title='bbox 1370 2831 1419 2869; x_wconf 85' lang='lat' dir='ltr'>ad</span> <span class='ocrx_word' id='word_1_573' title='bbox 1447 2833 1593 2871; x_wconf 88' lang='lat' dir='ltr'>nodum</span> <span class='ocrx_word' id='word_1_574' title='bbox 1614 2841 1745 2871; x_wconf 87' lang='lat' dir='ltr'>contra</span> <span class='ocrx_word' id='word_1_575' title='bbox 1763 2833 1937 2870; x_wconf 88' lang='lat' dir='ltr'>ordinem</span> <span class='ocrx_word' id='word_1_576' title='bbox 1957 2834 2155 2884; x_wconf 87' lang='lat' dir='ltr'>signorum</span> <span class='ocrx_word' id='word_1_577' title='bbox 2183 2847 2259 2871; x_wconf 91' lang='lat' dir='ltr'>nu-</span> 
     </span>
     <span class='ocr_line' id='line_1_65' title="bbox 1217 2886 2260 2938; baseline 0.003 -16"><span class='ocrx_word' id='word_1_578' title='bbox 1217 2895 1396 2929; x_wconf 86' lang='lat' dir='ltr'>meratus,</span> <span class='ocrx_word' id='word_1_579' title='bbox 1420 2894 1475 2923; x_wconf 86' lang='lat' dir='ltr'>est</span> <span class='ocrx_word' id='word_1_580' title='bbox 1493 2886 1620 2924; x_wconf 88' lang='lat' dir='ltr'>minor</span> <span class='ocrx_word' id='word_1_581' title='bbox 1643 2891 1716 2924; x_wconf 83' lang='lat'>180</span> <span class='ocrx_word' id='word_1_582' title='bbox 1735 2899 1790 2938; x_wconf 89' lang='lat' dir='ltr'>gr.</span> <span class='ocrx_word' id='word_1_583' title='bbox 1798 2914 1809 2932; x_wconf 95' lang='lat'>,</span> <span class='ocrx_word' id='word_1_584' title='bbox 1838 2887 2040 2937; x_wconf 88' lang='lat' dir='ltr'>negativus</span> <span class='ocrx_word' id='word_1_585' title='bbox 2057 2887 2146 2925; x_wconf 67' lang='lat' dir='ltr'>verb</span> <span class='ocrx_word' id='word_1_586' title='bbox 2165 2887 2260 2925; x_wconf 77' lang='lat' dir='ltr'>dici-</span> 
     </span>
     <span class='ocr_line' id='line_1_66' title="bbox 1217 2937 2258 2991; baseline 0.003 -15"><span class='ocrx_word' id='word_1_587' title='bbox 1217 2946 1282 2976; x_wconf 86' lang='lat' dir='ltr'>tur</span> <span class='ocrx_word' id='word_1_588' title='bbox 1300 2937 1392 2975; x_wconf 72' lang='lat' dir='ltr'>cum</span> <span class='ocrx_word' id='word_1_589' title='bbox 1411 2939 1562 2977; x_wconf 86' lang='lat' dir='ltr'>excedit</span> <span class='ocrx_word' id='word_1_590' title='bbox 1582 2944 1660 2978; x_wconf 88' lang='lat'>180</span> <span class='ocrx_word' id='word_1_591' title='bbox 1678 2952 1753 2991; x_wconf 64' lang='lat' dir='ltr'>gr„</span> <span class='ocrx_word' id='word_1_592' title='bbox 1785 2940 1885 2990; x_wconf 86' lang='lat' dir='ltr'>quia,</span> <span class='ocrx_word' id='word_1_593' title='bbox 1907 2939 1998 2979; x_wconf 74' lang='lat' dir='ltr'>cum</span> <span class='ocrx_word' id='word_1_594' title='bbox 2017 2940 2110 2979; x_wconf 91' lang='lat' dir='ltr'>nodi</span> <span class='ocrx_word' id='word_1_595' title='bbox 2126 2953 2258 2979; x_wconf 89' lang='lat' dir='ltr'>move-</span> 
     </span>
     <span class='ocr_line' id='line_1_67' title="bbox 1218 2992 2256 3043; baseline 0.003 -15"><span class='ocrx_word' id='word_1_596' title='bbox 1218 2998 1333 3028; x_wconf 86' lang='lat' dir='ltr'>antur</span> <span class='ocrx_word' id='word_1_597' title='bbox 1351 2999 1484 3030; x_wconf 85' lang='lat' dir='ltr'>contra</span> <span class='ocrx_word' id='word_1_598' title='bbox 1511 2992 1685 3030; x_wconf 88' lang='lat' dir='ltr'>ordinem</span> <span class='ocrx_word' id='word_1_599' title='bbox 1706 2993 1905 3043; x_wconf 80' lang='lat' dir='ltr'>signorum</span> <span class='ocrx_word' id='word_1_600' title='bbox 1932 2994 2010 3031; x_wconf 91' lang='lat' dir='ltr'>sive</span> <span class='ocrx_word' id='word_1_601' title='bbox 2037 2994 2079 3030; x_wconf 90' lang='lat' dir='ltr'>in</span> <span class='ocrx_word' id='word_1_602' title='bbox 2106 3002 2256 3032; x_wconf 84' lang='lat' dir='ltr'>antece-</span> 
     </span>
     <span class='ocr_line' id='line_1_68' title="bbox 1219 3044 2260 3096; baseline 0.003 -14"><span class='ocrx_word' id='word_1_603' title='bbox 1219 3044 1360 3090; x_wconf 83' lang='lat' dir='ltr'>dentia,</span> <span class='ocrx_word' id='word_1_604' title='bbox 1394 3046 1562 3096; x_wconf 89' lang='lat' dir='ltr'>angulus</span> <span class='ocrx_word' id='word_1_605' title='bbox 1598 3047 1625 3084; x_wconf 93' lang='lat' dir='ltr'>S</span> <span class='ocrx_word' id='word_1_606' title='bbox 1660 3046 1697 3084; x_wconf 74' lang='lat' dir='ltr'>T</span> <span class='ocrx_word' id='word_1_607' title='bbox 1728 3047 1768 3083; x_wconf 89' lang='grc' dir='ltr'>Ν</span> <span class='ocrx_word' id='word_1_608' title='bbox 1800 3047 1924 3095; x_wconf 86' lang='lat' dir='ltr'>primo</span> <span class='ocrx_word' id='word_1_609' title='bbox 1954 3060 2045 3085; x_wconf 89' lang='lat' dir='ltr'>casu</span> <span class='ocrx_word' id='word_1_610' title='bbox 2081 3047 2260 3096; x_wconf 86' lang='lat' dir='ltr'>exprimit</span> 
     </span>
     <span class='ocr_line' id='line_1_69' title="bbox 1219 3098 2258 3151; baseline 0.004 -17"><span class='ocrx_word' id='word_1_611' title='bbox 1219 3099 1322 3135; x_wconf 86' lang='lat' dir='ltr'>viam</span> <span class='ocrx_word' id='word_1_612' title='bbox 1355 3098 1448 3136; x_wconf 92' lang='lat' dir='ltr'>nodi</span> <span class='ocrx_word' id='word_1_613' title='bbox 1466 3112 1489 3136; x_wconf 83' lang='lat' dir='ltr'>a</span> <span class='ocrx_word' id='word_1_614' title='bbox 1507 3099 1671 3151; x_wconf 85' lang='lat' dir='ltr'>syzygia,</span> <span class='ocrx_word' id='word_1_615' title='bbox 1708 3099 1877 3137; x_wconf 87' lang='lat' dir='ltr'>secundo</span> <span class='ocrx_word' id='word_1_616' title='bbox 1896 3113 1987 3138; x_wconf 89' lang='lat' dir='ltr'>casu</span> <span class='ocrx_word' id='word_1_617' title='bbox 2014 3101 2115 3138; x_wconf 86' lang='lat' dir='ltr'>viam</span> <span class='ocrx_word' id='word_1_618' title='bbox 2141 3113 2258 3151; x_wconf 88' lang='lat' dir='ltr'>quam</span> 
     </span>
     <span class='ocr_line' id='line_1_70' title="bbox 1219 3150 2071 3202; baseline 0 -14"><span class='ocrx_word' id='word_1_619' title='bbox 1219 3150 1368 3188; x_wconf 81' lang='lat' dir='ltr'>emetiri</span> <span class='ocrx_word' id='word_1_620' title='bbox 1386 3151 1499 3189; x_wconf 90' lang='lat' dir='ltr'>debet</span> <span class='ocrx_word' id='word_1_621' title='bbox 1516 3161 1561 3190; x_wconf 92' lang='lat' dir='ltr'>ut</span> <span class='ocrx_word' id='word_1_622' title='bbox 1579 3153 1628 3190; x_wconf 87' lang='lat' dir='ltr'>ad</span> <span class='ocrx_word' id='word_1_623' title='bbox 1646 3152 1840 3202; x_wconf 85' lang='lat' dir='ltr'>syzygiam</span> <span class='ocrx_word' id='word_1_624' title='bbox 1859 3153 2000 3190; x_wconf 85' lang='lat' dir='ltr'>redeat.</span> <span class='ocrx_word' id='word_1_625' title='bbox 2067 3185 2071 3188; x_wconf 88' lang='lat'>.</span> 
     </span>
    </p>

    <p class='ocr_par' dir='ltr' id='par_1_12' title="bbox 1221 3204 2264 3735">
     <span class='ocr_line' id='line_1_71' title="bbox 1277 3204 2261 3257; baseline 0.003 -17"><span class='ocrx_word' id='word_1_626' title='bbox 1277 3204 1528 3242; x_wconf 87' lang='lat' dir='ltr'>Probandum</span> <span class='ocrx_word' id='word_1_627' title='bbox 1547 3212 1678 3243; x_wconf 84' lang='lat' dir='ltr'>autem</span> <span class='ocrx_word' id='word_1_628' title='bbox 1703 3205 1757 3243; x_wconf 85' lang='lat'>10.</span> <span class='ocrx_word' id='word_1_629' title='bbox 1783 3206 1884 3255; x_wconf 89' lang='lat' dir='ltr'>quod</span> <span class='ocrx_word' id='word_1_630' title='bbox 1905 3207 1936 3243; x_wconf 91' lang='lat' dir='ltr'>si</span> <span class='ocrx_word' id='word_1_631' title='bbox 1956 3214 2030 3244; x_wconf 85' lang='lat' dir='ltr'>tres</span> <span class='ocrx_word' id='word_1_632' title='bbox 2048 3206 2105 3245; x_wconf 88' lang='lat' dir='ltr'>illi</span> <span class='ocrx_word' id='word_1_633' title='bbox 2124 3205 2261 3257; x_wconf 85' lang='lat' dir='ltr'>anguli</span> 
     </span>
     <span class='ocr_line' id='line_1_72' title="bbox 1225 3257 2260 3307; baseline 0.002 -13"><span class='ocrx_word' id='word_1_634' title='bbox 1225 3257 1266 3301; x_wconf 90' lang='lat' dir='ltr'>Q</span> <span class='ocrx_word' id='word_1_635' title='bbox 1286 3258 1322 3294; x_wconf 93' lang='lat' dir='ltr'>T</span> <span class='ocrx_word' id='word_1_636' title='bbox 1346 3258 1389 3300; x_wconf 82' lang='lat' dir='ltr'>P,</span> <span class='ocrx_word' id='word_1_637' title='bbox 1414 3258 1453 3296; x_wconf 93' lang='lat' dir='ltr'>N</span> <span class='ocrx_word' id='word_1_638' title='bbox 1475 3259 1512 3296; x_wconf 93' lang='lat' dir='ltr'>T</span> <span class='ocrx_word' id='word_1_639' title='bbox 1534 3259 1579 3304; x_wconf 92' lang='lat' dir='ltr'>P,</span> <span class='ocrx_word' id='word_1_640' title='bbox 1603 3259 1630 3296; x_wconf 92' lang='lat' dir='ltr'>S</span> <span class='ocrx_word' id='word_1_641' title='bbox 1651 3259 1688 3297; x_wconf 95' lang='lat' dir='ltr'>T</span> <span class='ocrx_word' id='word_1_642' title='bbox 1709 3259 1761 3304; x_wconf 93' lang='lat' dir='ltr'>N,</span> <span class='ocrx_word' id='word_1_643' title='bbox 1782 3259 1858 3295; x_wconf 90' lang='lat' dir='ltr'>sint</span> <span class='ocrx_word' id='word_1_644' title='bbox 1876 3259 2025 3307; x_wconf 85' lang='lat' dir='ltr'>positivi</span> <span class='ocrx_word' id='word_1_645' title='bbox 2044 3268 2172 3297; x_wconf 90' lang='lat' dir='ltr'>motus</span> <span class='ocrx_word' id='word_1_646' title='bbox 2190 3271 2260 3296; x_wconf 72' lang='lat' dir='ltr'>no·</span> 
     </span>
     <span class='ocr_line' id='line_1_73' title="bbox 1221 3311 2261 3361; baseline 0.002 -14"><span class='ocrx_word' id='word_1_647' title='bbox 1221 3312 1359 3347; x_wconf 90' lang='lat' dir='ltr'>dorum</span> <span class='ocrx_word' id='word_1_648' title='bbox 1379 3319 1436 3348; x_wconf 89' lang='lat' dir='ltr'>est</span> <span class='ocrx_word' id='word_1_649' title='bbox 1452 3312 1705 3361; x_wconf 82' lang='lat' dir='ltr'>regressivus:</span> <span class='ocrx_word' id='word_1_650' title='bbox 1740 3311 1799 3349; x_wconf 78' lang='lat'>20.</span> <span class='ocrx_word' id='word_1_651' title='bbox 1832 3312 1935 3361; x_wconf 92' lang='lat' dir='ltr'>quod</span> <span class='ocrx_word' id='word_1_652' title='bbox 1954 3312 1985 3349; x_wconf 90' lang='lat' dir='ltr'>si</span> <span class='ocrx_word' id='word_1_653' title='bbox 2005 3325 2106 3350; x_wconf 89' lang='lat' dir='ltr'>unus</span> <span class='ocrx_word' id='word_1_654' title='bbox 2126 3324 2261 3349; x_wconf 90' lang='lat' dir='ltr'>eorum</span> 
     </span>
     <span class='ocr_line' id='line_1_74' title="bbox 1222 3364 2263 3415; baseline 0.002 -15"><span class='ocrx_word' id='word_1_655' title='bbox 1222 3364 1271 3401; x_wconf 79' lang='lat' dir='ltr'>sit</span> <span class='ocrx_word' id='word_1_656' title='bbox 1288 3364 1498 3415; x_wconf 83' lang='lat' dir='ltr'>negativuS,</span> <span class='ocrx_word' id='word_1_657' title='bbox 1518 3364 1655 3415; x_wconf 90' lang='lat' dir='ltr'>reliqui</span> <span class='ocrx_word' id='word_1_658' title='bbox 1670 3365 1833 3414; x_wconf 89' lang='lat' dir='ltr'>positivi,</span> <span class='ocrx_word' id='word_1_659' title='bbox 1854 3373 1982 3402; x_wconf 88' lang='lat' dir='ltr'>motus</span> <span class='ocrx_word' id='word_1_660' title='bbox 1996 3365 2186 3402; x_wconf 84' lang='lat' dir='ltr'>nodorum</span> <span class='ocrx_word' id='word_1_661' title='bbox 2205 3373 2263 3402; x_wconf 87' lang='lat' dir='ltr'>est</span> 
     </span>
     <span class='ocr_line' id='line_1_75' title="bbox 1222 3416 2261 3467; baseline 0.002 -14"><span class='ocrx_word' id='word_1_662' title='bbox 1222 3419 1493 3467; x_wconf 80' lang='lat' dir='ltr'>progressivuS.</span> <span class='ocrx_word' id='word_1_663' title='bbox 1541 3416 1602 3455; x_wconf 83' lang='lat'>50.</span> <span class='ocrx_word' id='word_1_664' title='bbox 1631 3417 1750 3461; x_wconf 87' lang='lat' dir='ltr'>Quod</span> <span class='ocrx_word' id='word_1_665' title='bbox 1770 3417 1802 3455; x_wconf 89' lang='lat' dir='ltr'>si</span> <span class='ocrx_word' id='word_1_666' title='bbox 1821 3430 1923 3454; x_wconf 89' lang='lat' dir='ltr'>unus</span> <span class='ocrx_word' id='word_1_667' title='bbox 1941 3431 2074 3455; x_wconf 89' lang='lat' dir='ltr'>eorum</span> <span class='ocrx_word' id='word_1_668' title='bbox 2094 3417 2142 3456; x_wconf 90' lang='lat' dir='ltr'>sit</span> <span class='ocrx_word' id='word_1_669' title='bbox 2160 3419 2261 3466; x_wconf 88' lang='lat' dir='ltr'>posi-</span> 
     </span>
     <span class='ocr_line' id='line_1_76' title="bbox 1223 3470 2260 3522; baseline 0.003 -17"><span class='ocrx_word' id='word_1_670' title='bbox 1223 3470 1335 3514; x_wconf 80' lang='lat' dir='ltr'>tivus,</span> <span class='ocrx_word' id='word_1_671' title='bbox 1356 3470 1434 3507; x_wconf 92' lang='lat' dir='ltr'>duo</span> <span class='ocrx_word' id='word_1_672' title='bbox 1454 3470 1631 3520; x_wconf 87' lang='lat' dir='ltr'>negativi,</span> <span class='ocrx_word' id='word_1_673' title='bbox 1652 3479 1781 3508; x_wconf 90' lang='lat' dir='ltr'>motus</span> <span class='ocrx_word' id='word_1_674' title='bbox 1801 3470 1989 3508; x_wconf 90' lang='lat' dir='ltr'>nodorum</span> <span class='ocrx_word' id='word_1_675' title='bbox 2009 3478 2065 3508; x_wconf 90' lang='lat' dir='ltr'>est</span> <span class='ocrx_word' id='word_1_676' title='bbox 2083 3471 2260 3522; x_wconf 78' lang='lat' dir='ltr'>regressi-</span> 
     </span>
     <span class='ocr_line' id='line_1_77' title="bbox 1223 3523 2261 3574; baseline 0.002 -16"><span class='ocrx_word' id='word_1_677' title='bbox 1223 3536 1305 3560; x_wconf 92' lang='lat' dir='ltr'>vus.</span> <span class='ocrx_word' id='word_1_678' title='bbox 1364 3523 1425 3561; x_wconf 81' lang='lat'>40.</span> <span class='ocrx_word' id='word_1_679' title='bbox 1461 3523 1642 3573; x_wconf 87' lang='lat' dir='ltr'>Denique</span> <span class='ocrx_word' id='word_1_680' title='bbox 1662 3523 1764 3572; x_wconf 71' lang='lat' dir='ltr'>quod</span> <span class='ocrx_word' id='word_1_681' title='bbox 1784 3524 1814 3559; x_wconf 88' lang='lat' dir='ltr'>si</span> <span class='ocrx_word' id='word_1_682' title='bbox 1834 3535 1967 3560; x_wconf 88' lang='lat' dir='ltr'>omnes</span> <span class='ocrx_word' id='word_1_683' title='bbox 1986 3524 2062 3561; x_wconf 91' lang='lat' dir='ltr'>sint</span> <span class='ocrx_word' id='word_1_684' title='bbox 2080 3524 2261 3574; x_wconf 86' lang='lat' dir='ltr'>negativi,</span> 
     </span>
     <span class='ocr_line' id='line_1_78' title="bbox 1224 3575 2262 3625; baseline 0.001 -12"><span class='ocrx_word' id='word_1_685' title='bbox 1224 3584 1353 3614; x_wconf 86' lang='lat' dir='ltr'>motus</span> <span class='ocrx_word' id='word_1_686' title='bbox 1367 3575 1556 3612; x_wconf 82' lang='lat' dir='ltr'>nodorum</span> <span class='ocrx_word' id='word_1_687' title='bbox 1570 3577 1710 3613; x_wconf 86' lang='lat' dir='ltr'>iterum</span> <span class='ocrx_word' id='word_1_688' title='bbox 1729 3577 1776 3612; x_wconf 87' lang='lat' dir='ltr'>sit</span> <span class='ocrx_word' id='word_1_689' title='bbox 1795 3577 2066 3625; x_wconf 83' lang='lat' dir='ltr'>progressivus,</span> <span class='ocrx_word' id='word_1_690' title='bbox 2086 3577 2139 3614; x_wconf 90' lang='lat' dir='ltr'>sic</span> <span class='ocrx_word' id='word_1_691' title='bbox 2158 3577 2262 3614; x_wconf 88' lang='lat' dir='ltr'>enim</span> 
     </span>
     <span class='ocr_line' id='line_1_79' title="bbox 1225 3630 2264 3682; baseline 0.003 -17"><span class='ocrx_word' id='word_1_692' title='bbox 1225 3631 1364 3680; x_wconf 74' lang='lat' dir='ltr'>quoties</span> <span class='ocrx_word' id='word_1_693' title='bbox 1382 3631 1536 3678; x_wconf 76' lang='lat' dir='ltr'>signum</span> <span class='ocrx_word' id='word_1_694' title='bbox 1554 3630 1717 3679; x_wconf 72' lang='lat' dir='ltr'>alicujus</span> <span class='ocrx_word' id='word_1_695' title='bbox 1745 3631 1879 3678; x_wconf 74' lang='lat' dir='ltr'>anguli</span> <span class='ocrx_word' id='word_1_696' title='bbox 1897 3633 1942 3668; x_wconf 77' lang='lat' dir='ltr'>de</span> <span class='ocrx_word' id='word_1_697' title='bbox 1969 3632 2195 3682; x_wconf 76' lang='lat' dir='ltr'>affirmativo</span> <span class='ocrx_word' id='word_1_698' title='bbox 2222 3631 2264 3669; x_wconf 74' lang='lat' dir='ltr'>in</span> 
     </span>
     <span class='ocr_line' id='line_1_80' title="bbox 1227 3684 2262 3735; baseline 0.004 -17"><span class='ocrx_word' id='word_1_699' title='bbox 1227 3685 1460 3732; x_wconf 44' lang='lat' dir='ltr'>negativum,</span> <span class='ocrx_word' id='word_1_700' title='bbox 1489 3684 1606 3735; x_wconf 76' lang='lat' dir='ltr'>deque</span> <span class='ocrx_word' id='word_1_701' title='bbox 1624 3684 1849 3735; x_wconf 73' lang='lat' dir='ltr'>affirmativo</span> <span class='ocrx_word' id='word_1_702' title='bbox 1878 3687 1923 3722; x_wconf 76' lang='lat' dir='ltr'>in</span> <span class='ocrx_word' id='word_1_703' title='bbox 1940 3686 2157 3732; x_wconf 71' lang='lat' dir='ltr'>mgaaeivum</span> <span class='ocrx_word' id='word_1_704' title='bbox 2175 3698 2262 3727; x_wconf 69' lang='lat' dir='ltr'>nitt-</span> 
     </span>
    </p>
   </div>
  </div>
 </body>
</html>
