2540 4296
35 309 223 361 Lmen
244 304 542 366 Timauus]
613 295 1014 353 PRINCIPIA
1053 286 1670 347 MATHEMATICA.

2110 291 2178 335 99

34 449 275 504 distantia
303 468 333 500 a
359 447 542 499 Terra.
620 445 683 514 (Ἰ)
723 444 964 513 Augetur
1002 438 1125 490 vero
1151 454 1211 488 ac
1249 434 1555 487 diminuitur
1592 433 1646 482 in
1682 428 1936 498 triplicata
1975 428 2175 479 ratione

35 539 291 592 distantiae
321 536 453 589 Solis
479 533 710 594 inverse3
749 531 972 600 ideoque
1014 529 1069 579 in
1110 524 1335 578 maxima
1379 523 1512 576 Solis
1539 517 1780 572 distantia
1826 527 1904 569 est
1950 518 2015 568 3'.
2060 517 2176 568 34!st

36 639 87 680 et
112 629 166 678 in
190 626 404 677 minima
443 626 506 677 3'.
535 624 651 676 56⁰.
679 616 1103 691 quamproxime:

1143 614 1234 666 ubi
1260 611 1384 664 vero
1412 629 1687 682 apogaeum
1713 609 1882 660 Lunae
1922 606 2077 657 situm
2103 616 2180 656 est

36 730 184 772 extra
228 728 474 780 octantes,
521 715 691 767 evadit
732 712 935 772 minor3
977 710 1040 779 (Ζ)
1083 717 1261 777 estque
1300 704 1368 755 ad
1407 702 1753 772 aequationem
1778 699 2074 761 maximam,
2122 707 2181 748 ut

35 809 174 859 sinus
200 808 375 876 duplae
401 803 657 857 distantiae
683 800 885 871 apogaei
931 799 1100 851 Lunae
1144 816 1174 847 a
1215 792 1455 864 proxima
1485 790 1692 862 syzygia
1735 789 1817 841 vel
1863 785 2176 859 quadratura

36 898 106 949 ad
132 897 350 948 radium.

106 989 169 1059 (²²)
212 989 314 1040 Per
340 984 557 1037 eandem
581 981 845 1054 gravitatis
884 979 1136 1033 theoriam
1164 974 1299 1028 actio
1327 971 1461 1026 Solis
1498 972 1552 1022 in
1591 971 1799 1023 Lunam
1824 967 1981 1037 paulo
2017 968 2182 1037 major

35 1089 112 1132 est
135 1078 225 1130 ubi
249 1078 394 1129 linea-
429 1086 570 1128 recta
605 1093 699 1144 per
741 1073 907 1125 nodos
935 1071 1104 1123 Lunae
1129 1067 1285 1119 ducta
1324 1063 1509 1117 transit
1531 1080 1626 1131 per
1656 1060 1846 1122 Solem,
1895 1057 2049 1128 quam
2091 1057 2183 1109 ubi

34 1170 171 1222 linea
209 1168 297 1219 illa
340 1167 407 1219 ad
451 1175 620 1218 rectos
647 1175 724 1217 est
749 1162 966 1235 angulos
1012 1178 1130 1213 cum
1172 1156 1311 1210 recta
1341 1156 1517 1209 Solem
1554 1172 1615 1206 ac
1654 1153 1877 1204 Terram
1910 1152 2182 1220 jungente.

34 1315 164 1352 titates
195 1310 381 1350 absoluta:
409 1315 622 1355 mutantur,
660 1307 729 1346 sed
759 1313 918 1345 manent
949 1316 1083 1343 earum

32 1366 300 1417 proportiones
327 1377 373 1401 ex
401 1363 541 1413 quibus
567 1361 675 1412 leges
701 1360 966 1410 aequationum
989 1370 1082 1407 pen-

36 1421 142 1466 dent,
178 1421 230 1456 ita
262 1425 307 1456 ut
337 1416 429 1455 data
459 1414 590 1465 aliqua
621 1426 668 1451 ex
701 1413 981 1464 aequationibus
1016 1424 1086 1460 per

36 1475 304 1523 phaenomena,
335 1469 497 1520 reliquae
527 1468 618 1506 satis
656 1474 742 1505 tuto
779 1465 917 1505 exinde
945 1463 1085 1504 deduci

63 1532 190 1564 ueant.

35 1540 60 1577 q
90 1579 148 1631 (y)
179 1581 200 1601 *
224 1579 400 1626 Augetur
418 1574 499 1614 verb
519 1588 565 1613 ac
584 1576 813 1613 diminuitur
832 1575 873 1612 in
894 1570 1086 1622 triplicata

37 1635 184 1671 ratione
202 1632 396 1669 distantiae
412 1630 502 1668 Solis
516 1627 672 1667 inverse.
727 1628 857 1666 Probl.
878 1626 955 1664 VI.
975 1627 1081 1677 (pag.

727 1685 774 1719 15
795 1682 830 1718 A
848 1686 888 1726 ><
911 1680 944 1717 F
959 1682 1014 1729 q9
1030 1679 1052 1715 f
1065 1680 1086 1701 2

729 1739 1085 1788 109.73><S.V.ar⁸

37 1811 80 1853 ><
102 1826 157 1836 -
178 1804 355 1842 163695.
383 1802 418 1840 Ρ
436 1802 478 1845 Q
493 1800 539 1845 T,
564 1799 606 1836 in
625 1797 705 1850 qua
723 1795 967 1845 expressione
985 1808 1009 1832 a
1026 1807 1086 1831 re-

37 1862 245 1909 praesentat
270 1853 503 1894 mediocrem
526 1852 629 1891 Solis
656 1865 680 1890 a
710 1847 832 1889 Terra
851 1848 1083 1893 distantiam,

36 1718 123 1768 82.)
154 1719 237 1754 haec
266 1715 432 1767 aequatio
457 1715 614 1752 inventa
636 1720 693 1751 est

40 2619 83 2657 in
102 2617 179 2657 alia
196 2619 326 2670 itaque
345 2633 368 2658 a
388 2617 681 2695 Solezdistantia
698 2620 785 2659 loco
802 2632 826 2657 a
843 2626 1009 2670 ponatur
1030 2620 1085 2667 X,

439 2685 498 2777 aX
519 2672 553 2763 ξ

41 2791 147 2831 verse
167 2799 211 2830 ut
228 2791 415 2843 quadrata
434 2791 716 2839 distantiarum,
746 2794 818 2831 hac
838 2806 930 2844 ergo
948 2793 1087 2830 substi-

642 2849 691 2884 15
710 2848 746 2883 A
762 2860 785 2884 a
800 2849 819 2870 2
838 2847 872 2884 F
885 2860 908 2897 q
927 2850 947 2876 9
962 2846 985 2883 f
997 2848 1015 2869 2

574 2914 730 2950 109.7:5.
754 2912 792 2948 S.
812 2911 850 2948 V
868 2911 908 2948 X
925 2913 955 2948 2‘.
980 2911 1021 2948 X
1037 2923 1055 2947 r
1069 2910 1086 2934 8

47 3003 89 3045 ><
111 3019 157 3028 -
188 3002 357 3038 1652595
378 2999 412 3037 Ρ
436 3000 477 3044 Q
496 2999 533 3038 T
559 3006 644 3037 tum
663 2996 749 3035 loco
767 2963 816 3024 F—
835 2996 1088 3036 substituatur

774 3031 810 3068 V

45 3084 162 3188 ῗῖξῖ
182 3119 245 3169 (ut
262 3118 383 3169 liquet
400 3131 447 3157 ex
471 3119 561 3159 Cor·
585 3116 715 3157 Probl.
742 3117 778 3155 Ι.
802 3116 941 3155 calculi
958 3116 1085 3166 primi,

405 3236 415 3245 ο
567 3235 575 3244 ,
679 3206 726 3241 15
744 3202 793 3240 M
808 3204 828 3226 2
842 3215 866 3240 a
879 3204 897 3230 ³
911 3215 934 3251 q
949 3205 970 3231 ⁹
984 3202 1007 3239 f
1015 3204 1034 3225 ²

47 3248 134 3287 pag.
161 3234 248 3285 70.)
277 3243 442 3286 aequatio
468 3235 596 3275 evadit
619 3255 1087 3306 m

50 3325 92 3366 Χ
115 3343 168 3351 —-
190 3324 361 3360 165.595
387 3321 421 3359 Ρ
443 3322 484 3367 Q
503 3322 550 3368 T,
572 3327 610 3359 et
628 3319 719 3370 quia
736 3319 778 3356 in
797 3319 1014 3358 octantibus
1032 3328 1089 3358 est

51 3373 87 3410 P
111 3373 733 3425 QT={r²aequatioest-

55 3431 159 3470 15><
183 3431 409 3472 1653.595><
430 3426 716 3477 M2a³q⁹f2
752 3458 763 3467 .
863 3455 877 3470 Α
921 3456 934 3470 x

88 3495 114 3526 4
131 3495 334 3535 ><109.75
353 3492 405 3541 4-
427 3493 464 3528 s.
489 3493 526 3528 A
545 3493 584 3528 x
599 3494 616 3519 ³
633 3494 679 3526 r7
719 3485 729 3503 ’
751 3470 792 3495 ¹¹¹
805 3470 985 3509 quacum
999 3458 1089 3497 ‘¹¹³¹'

49 3541 88 3579 la
106 3542 154 3580 sit
172 3542 360 3580 variabilis
378 3543 571 3592 quantitas
598 3550 735 3592 praeter
756 3543 797 3581 X
817 3545 836 3572 ³
855 3543 897 3581 in
914 3542 1090 3582 denomi-

47 3602 183 3633 natore
201 3605 436 3640 occurrente,
466 3596 588 3645 liquet
600 3610 602 3612 ’
614 3596 869 3646 aequationem
888 3595 980 3634 cum
999 3610 1091 3646 apo-

46 3661 182 3698 gaeum
219 3656 276 3686 est
312 3649 353 3685 in
384 3649 609 3692 octantibus,
647 3650 721 3687 hoc
749 3657 807 3687 est
837 3649 1091 3700 aequationem

48 3701 259 3740 maximam
280 3715 361 3739 esse
380 3710 424 3739 ut
446 3702 488 3739 X
507 3704 525 3730 3
543 3700 704 3747 inverse,
732 3703 807 3740 hoc
825 3710 883 3741 est
900 3705 1031 3752 augeri
1047 3719 1093 3743 ac

47 3757 219 3795 diminui
236 3757 278 3794 in
298 3753 486 3805 triplicatc'i
500 3757 644 3794 ratione
657 3757 847 3795 distantiae
864 3758 953 3796 Solis
971 3759 1021 3796 X
1033 3759 1094 3798 in-

50 3805 152 3846 υενεέ
165 3828 179 3854 ,-
208 3809 374 3859 ide6que‚
396 3810 466 3846 διο.

43 2712 81 2744 et
99 2706 185 2744 loco
203 2706 237 2744 F
255 2713 422 2756 ponatur
572 2707 664 2756 quia
690 2706 746 2744 vis
777 2707 876 2745 Solis
897 2707 931 2745 F
949 2713 1006 2744 est
1026 2707 1087 2743 in-

43 2878 192 2917 tutione
209 2876 312 2917 facta
329 2879 494 2929 aequatio
512 2878 556 2917 fit

1135 1299 1257 1338 tantia
1264 1295 1467 1335 mediocris
1478 1299 1510 1340 1,
1522 1301 1561 1333 et
1571 1291 1752 1332 distantia
1761 1289 1923 1328 minima
1934 1277 2182 1341 l—.016}{-‚

1135 1353 1264 1403 itaque
1292 1349 1481 1389 sumendo
1507 1347 1697 1386 rationem
1723 1344 1955 1394 triplicatam
1982 1341 2187 1380 mediocris

1136 1430 1176 1461 et
1201 1421 1382 1459 maximae
1409 1417 1600 1457 distantiae
1624 1416 1691 1455 fiat
1718 1422 1764 1454 ut
1794 1418 1810 1452 1
1836 1414 1889 1467 -1—
1908 1418 1932 1451 3
1955 1418 1996 1459 ><
2020 1397 2185 1463 .016}{

1138 1491 1192 1543 -Ι-
1212 1495 1235 1528 3
1254 1494 1295 1537 χ
1314 1474 1534 1537 ·000‘2853}‚
1551 1488 1621 1526 διε.
1648 1483 1830 1538 (1.0516)
1850 1483 1899 1522 ad
1915 1487 1949 1529 1,
1963 1482 2017 1520 ita
2027 1481 2074 1519 5'.
2096 1480 2182 1520 45¹¹.

1137 1543 1186 1581 ad
1205 1550 1386 1593 quartum
1401 1541 1467 1591 qui
1482 1541 1554 1579 erit
1569 1540 1615 1579 δ’.
1634 1538 1718 1578 34”.
1743 1545 1781 1576 et
1794 1535 1985 1576 sumendo
1996 1536 2186 1574 rationem

1138 1597 1366 1646 triplicatam
1382 1594 1572 1633 inversam
1587 1592 1789 1631 mediocris
1808 1598 1845 1629 et
1856 1589 2030 1628 minimae
2042 1589 2188 1626 distan-

1138 1662 1202 1700 tiae
1220 1662 1286 1700 fiat
1304 1669 1349 1699 ut
1372 1665 1388 1698 1
1412 1682 1464 1689 —
1482 1665 1508 1697 3
1530 1666 1572 1707 ><
1595 1649 1758 1713 mest
1779 1659 1832 1712 -Ι-
1856 1664 1879 1695 3
1903 1663 1944 1704 ><
1972 1654 2188 1706 .000285{,

1139 1717 1209 1753 &c.
1235 1713 1447 1767 (.950197)
1470 1713 1518 1751 ad
1540 1719 1554 1751 1
1581 1714 1635 1751 ita
1652 1713 1701 1751 δ’.
1726 1712 1810 1751 45”.
1843 1710 1893 1749 ad
1920 1717 2102 1761 quartum
2121 1708 2190 1760 qui

1139 1769 1209 1807 erit
1231 1769 1279 1807 δ’.
1304 1767 1386 1807 56”.

1196 1822 1256 1874 (²)
1289 1822 1309 1847 *
1333 1825 1481 1871 Estque
1498 1824 1549 1859 ad
1566 1823 1823 1872 aequationem
1850 1820 2068 1858 maa-imam.
2129 1816 2190 1853 Si-

1138 1875 1297 1927 quidem
1328 1875 1371 1912 in
1402 1872 1651 1925 quacumque
1669 1872 1851 1914 distantia
1872 1873 2004 1910 Terrae
2033 1884 2057 1910 a
2086 1870 2188 1916 Sole,

1572 1931 1620 1966 15
1642 1930 1689 1966 Μ
1710 1930 1729 1951 ²
1750 1941 1774 1965 a
1791 1930 1808 1956 3
1827 1940 1846 1963 r
1864 1930 1885 1955 9
1905 1926 1927 1963 f
1940 1928 1959 1948 2

1502 1997 1644 2031 loa-73
1678 1993 1716 2030 S.
1753 1992 1804 2029 A.
1840 1991 2027 2028 X³x⁹
2061 1960 2104 2002 ><
2138 1978 2191 1986 ““

1145 2050 1316 2087 163.595
1349 2047 1383 2085 Ρ
1408 2047 1449 2091 Q
1468 2047 1515 2092 T,
1546 2045 1667 2096 liquet
1694 2045 1797 2095 quod
1827 2041 2084 2092 supponendo
2112 2041 2191 2079 dis-

1140 2101 1303 2140 tantiam
1324 2101 1360 2137 X
1383 2113 1460 2137 non
1481 2098 1630 2145 variari,
1659 2100 1743 2136 haec
1763 2097 1929 2148 aequatio
1957 2096 2028 2133 erit
2046 2095 2192 2145 ubique

1140 2162 1186 2193 ut
1207 2154 1243 2192 P
1259 2155 1300 2198 Q
1320 2155 1380 2201 T;
1401 2155 1440 2191 in
1460 2154 1676 2191 octantibus
1695 2161 1825 2190 autem
1849 2152 1883 2188 P
1902 2151 1942 2194 Q
1955 2149 1990 2185 T
2009 2156 2067 2186 est
2083 2148 2110 2199 :¹1
2123 2161 2143 2185 r
2158 2151 2188 2195 2,

1140 2208 1232 2246 hinc
1251 2208 1292 2244 in
1311 2207 1446 2258 quovis
1465 2207 1549 2244 loco
1568 2207 1652 2244 haec
1671 2205 1835 2256 aequatio
1854 2211 1911 2242 est
1929 2202 1978 2241 ad
1997 2215 2082 2239 eam
2103 2214 2192 2252 quae

1140 2261 1183 2298 in
1215 2261 1433 2299 octantibus
1452 2261 1700 2306 obtineretur,
1731 2265 1915 2296 manente
1946 2254 2083 2293 eadem
2113 2256 2191 2293 dis-

1140 2312 1266 2352 tantia
1279 2314 1378 2353 Solis
1396 2327 1419 2351 a
1441 2311 1562 2351 Terra
1578 2320 1624 2351 ut
1645 2313 1681 2351 P
1700 2313 1741 2358 Q
1756 2313 1792 2350 T
1810 2312 1861 2350 ad
1879 2311 1905 2363 ἦ
1917 2323 1935 2347 r
1949 2312 1982 2356 ²,
2005 2310 2083 2347 sive
2101 2309 2194 2359 quia

1145 2366 1894 2419 PQTest-}zyut—}3zyad{-r2,
1925 2370 2192 2414 etutrumque

1142 2454 1322 2493 ducendo
1340 2467 1408 2503 per
1422 2427 1471 2525 ἒ
1502 2461 1549 2491 ut
1574 2425 1598 2458 2
1617 2434 1637 2524 ἶ
1656 2434 1682 2470 y
1702 2453 1751 2491 ad
1770 2466 1799 2497 r,
1821 2451 1887 2489 sed
1910 2423 1933 2455 2
1951 2431 1972 2521 Ξ
1992 2430 2014 2466 y

1143 2554 1217 2579 nus
1236 2541 1365 2590 duplae
1384 2540 1575 2579 distantiae
1597 2539 1732 2590 puncti
1756 2540 1803 2584 P,
1832 2539 1906 2575 hoc
1925 2544 1981 2576 est
2000 2535 2151 2586 apogaei
2171 2547 2193 2572 a

1141 2594 1310 2645 syzygia,
1332 2602 1400 2632 aut
1427 2608 1449 2632 a
1477 2593 1713 2644 quadratura
1743 2589 1920 2644 (perinde
1939 2592 2044 2629 enim
2064 2596 2121 2626 est
2147 2596 2193 2626 ut

1141 2660 1187 2685 ex
1207 2649 1508 2698 trigonometriae
1534 2647 1732 2695 principiis
1750 2644 1887 2696 liquet)
1918 2645 2008 2681 hinc
2027 2642 2193 2692 aequatio

1141 2701 1183 2737 in
1202 2701 1337 2751 quovis
1355 2702 1429 2738 situ
1445 2700 1593 2751 apogaei
1609 2709 1716 2738 extra
1730 2706 1900 2736 octantes
1917 2705 1976 2735 est
1994 2697 2043 2734 ad
2063 2708 2192 2746 aequa-

1141 2754 1288 2792 tionem
1308 2754 1516 2791 maximam
1536 2767 1623 2804 quae
1642 2753 1879 2791 obtineretur
1905 2751 1946 2787 in
1975 2751 2192 2788 octantibus

1141 2815 1322 2845 manente
1338 2807 1471 2844 eadem
1489 2807 1669 2845 distantia
1684 2806 1853 2844 Telluris
1867 2818 1891 2842 a
1906 2804 2007 2850 Sole,
2027 2811 2072 2841 ut
2084 2803 2192 2840 sinus

1141 2861 1273 2909 duplae
1292 2861 1481 2898 distantiae
1508 2861 1657 2912 apogaei
1686 2860 1815 2898 Lunae
1834 2873 1857 2897 a
1875 2856 2053 2907 proxima
2081 2869 2190 2907 syzy-

1139 2913 1219 2966 gia,
1240 2914 1290 2951 ad.
1309 2914 1472 2952 radium.

1197 2967 1254 3020 (Β)
1277 2971 1298 2992 ‘¹‘
1322 2971 1399 3006 Per
1416 2971 1590 3014 eandem,
1612 2969 1681 3006 διε.
1746 2967 1850 3006 Cum
1879 2965 1982 3003 linea
2000 2973 2104 3003 recta
2122 2977 2191 3013 per

1140 3021 1264 3059 nodos
1278 3021 1394 3059 ducta
1413 3022 1548 3059 transit
1566 3035 1634 3070 per
1657 3021 1798 3067 Solem,
1818 3028 1912 3058 tunc
1936 3019 2001 3057 Sol
2016 3026 2191 3057 versatur

1140 3075 1183 3111 in
1219 3074 1337 3123 plano
1372 3074 1492 3124 ipsius
1524 3076 1658 3113 orbitae
1690 3075 1836 3112 lunaris
1864 3073 2066 3122 producto,
2106 3072 2190 3123 ejus

1139 3127 1271 3178 itaque
1290 3128 1389 3166 actio
1403 3141 1484 3165 non
1498 3129 1738 3167 consumitur
1756 3129 1797 3165 in
1816 3126 2049 3165 dimovenda
2070 3123 2189 3164 Luna

1140 3183 1189 3219 ab
1208 3193 1254 3218 eo
1272 3181 1401 3230 plano,
1432 3182 1499 3220 sed
1517 3189 1599 3220 tota
1615 3181 1853 3231 impenditur
1881 3181 1929 3218 ad
1959 3193 2044 3217 eam
2075 3179 2134 3217 vel
2166 3192 2190 3217 a

1143 3231 1266 3273 Terra
1294 3234 1593 3281 distrahendam,
1627 3236 1687 3273 vel
1720 3235 1769 3273 ad
1801 3235 1961 3273 Terram
1995 3235 2188 3271 attrahen-

1140 3288 1245 3334 dam,
1265 3288 1326 3325 vel
1345 3288 1393 3326 ad
1413 3302 1497 3326 eam
1517 3289 1805 3327 accelerandam
1824 3296 1892 3326 aut
1919 3287 2188 3326 retardandam

1140 3341 1182 3379 in
1201 3341 1355 3391 proprio
1374 3354 1446 3379 suo
1464 3342 1599 3390 plano3
1622 3343 1713 3380 cnm
1732 3350 1861 3380 autem
1881 3342 1983 3379 linea
1997 3341 2188 3378 nodorum

1142 3401 1200 3433 est
1217 3395 1265 3433 ad
1285 3394 1450 3446 angulos
1463 3404 1586 3433 rectos
1597 3409 1688 3434 cum
1703 3394 1807 3434 recta
1824 3395 1952 3435 Solem
1969 3408 2013 3432 ac
2029 3395 2190 3432 Terram

1136 3448 1339 3499 jungente,
1364 3456 1456 3487 tunc
1475 3449 1540 3487 Sol
1555 3452 1723 3487 maxime
1737 3449 1897 3487 discedit
1916 3461 1938 3486 a
1956 3448 2074 3496 plano
2088 3447 2190 3485 orbi-

1143 3509 1193 3539 tae
1211 3501 1370 3547 lunaris,
1397 3502 1488 3538 hinc
1505 3515 1593 3551 pars
1611 3503 1695 3554 ejus
1713 3503 1872 3541 actionis
1890 3501 2132 3540 consumitur
2150 3501 2190 3538 in

1143 3554 1387 3593 admovendo
1404 3554 1521 3603 plano
1548 3558 1681 3594 orbitae
1708 3555 1855 3594 lunaris
1881 3554 1931 3593 ad
1959 3554 2189 3604 eclipticam,

1144 3615 1185 3646 et
1215 3620 1283 3657 per
1310 3608 1508 3646 residuum
1538 3609 1727 3647 duntaxat
1759 3610 1843 3660 ejus
1870 3609 2033 3646 actionis
2062 3607 2192 3646 Lunae

1146 3673 1290 3699 errores
1318 3664 1361 3700 in
1392 3664 1549 3711 longum
1578 3662 1781 3712 producit;
1819 3663 1909 3700 hinc
1945 3661 2060 3711 priori
2100 3674 2193 3700 casu

1147 3714 1247 3752 actIo
1270 3715 1367 3752 Solis
1398 3715 1441 3752 in
1475 3716 1632 3754 Lunam
1652 3714 1771 3764 paulo
1789 3717 1911 3767 major
1930 3724 1987 3753 est
2005 3714 2124 3769 quam
2151 3715 2194 3752 in

1147 3769 1367 3817 posteriore,
1388 3775 1535 3817 partem
1550 3777 1681 3807 autem
1699 3768 1861 3807 actionis
1882 3769 1981 3807 Solis
1999 3768 2194 3806 residuam

1151 3820 1304 3861 sublata
1322 3820 1368 3859 ea
1385 3821 1468 3873 ejus
1485 3830 1593 3872 parte
1607 3835 1694 3873 quae
1713 3823 1755 3860 in
1772 3822 1890 3872 plano
1901 3823 2035 3861 orbitae
2049 3822 2197 3860 lunaris

1138 1963 1223 2000 haec
1242 1960 1407 2011 aequatio
1426 1967 1483 1999 est

2049 2456 2106 2486 est
2142 2450 2191 2485 si-

106 3860 261 3899 Scilicet
289 3859 413 3911 posita
444 3861 726 3900 excentricitate
762 3861 894 3901 orbitae
929 3862 1097 3902 Telluris
1152 3874 1385 3915 dimovendo
1416 3876 1669 3922 consumitur,
1703 3876 1754 3914 ad
1786 3877 1982 3916 castulum
2014 3888 2197 3914 vocamus

53 3916 227 3980 ,ωδ-ἰὴ,
247 3927 425 3967 distantia
442 3928 613 3968 maxima
632 3936 688 3968 est
711 3933 728 3967 1
751 3928 805 3981 -Ι-
822 3919 997 3984 .016}3¹‚5‚
1019 3929 1097 3969 dis-

1156 3927 1289 3987 Probl·
1313 3929 1347 3968 1.
1373 3930 1511 3969 calculi
1530 3929 1631 3969 tertii
1658 3932 1763 3982 (pag.
1789 3931 1873 3981 84).
