<?xml version="1.0" encoding="UTF-8"?>
<!DOCTYPE html PUBLIC "-//W3C//DTD XHTML 1.0 Transitional//EN"
    "http://www.w3.org/TR/xhtml1/DTD/xhtml1-transitional.dtd">
<html xmlns="http://www.w3.org/1999/xhtml" xml:lang="en" lang="en">
 <head>
  <title>
</title>
<meta http-equiv="Content-Type" content="text/html;charset=utf-8" />
  <meta name='ocr-system' content='tesseract 3.04.00' />
  <meta name='ocr-capabilities' content='ocr_page ocr_carea ocr_par ocr_line ocrx_word'/>
</head>
<body>
  <div class='ocr_page' id='page_1' title='image "./philonatrualprin04newtrich_0127.png"; bbox 0 0 2540 4296; ppageno 0'>
   <div class='ocr_carea' id='block_1_1' title="bbox 80 315 2241 387">
    <p class='ocr_par' dir='ltr' id='par_1_1' title="bbox 80 315 2241 387">
     <span class='ocr_line' id='line_1_1' title="bbox 80 315 2241 387; baseline -0.002 -12"><span class='ocrx_word' id='word_1_1' title='bbox 80 322 264 376; x_wconf 65' lang='lat' dir='ltr'>mez</span> <span class='ocrx_word' id='word_1_2' title='bbox 281 321 580 387; x_wconf 56' lang='lat' dir='ltr'>Tam-ma]</span> <span class='ocrx_word' id='word_1_3' title='bbox 635 318 1038 373; x_wconf 85' lang='lat' dir='ltr'><strong>PRINCIPIA</strong></span> <span class='ocrx_word' id='word_1_4' title='bbox 1078 315 1699 371; x_wconf 84' lang='lat' dir='ltr'>MATHEMATICA.</span> <span class='ocrx_word' id='word_1_5' title='bbox 2139 327 2241 371; x_wconf 83' lang='lat'>109</span> 
     </span>
    </p>
   </div>
   <div class='ocr_carea' id='block_1_2' title="bbox 355 547 1959 604">
    <p class='ocr_par' dir='ltr' id='par_1_2' title="bbox 355 547 1959 604">
     <span class='ocr_line' id='line_1_2' title="bbox 355 547 1959 604; baseline -0.001 -2"><span class='ocrx_word' id='word_1_6' title='bbox 355 547 830 604; x_wconf 86' lang='lat' dir='ltr'>PROPOSITIO</span> <span class='ocrx_word' id='word_1_7' title='bbox 870 549 1183 601; x_wconf 91' lang='lat' dir='ltr'><strong>XXXVII.</strong></span> <span class='ocrx_word' id='word_1_8' title='bbox 1262 547 1699 601; x_wconf 87' lang='lat' dir='ltr'>PROBLEMA</span> <span class='ocrx_word' id='word_1_9' title='bbox 1740 547 1959 600; x_wconf 78' lang='lat' dir='ltr'><strong>XVIII.</strong></span> 
     </span>
    </p>
   </div>
   <div class='ocr_carea' id='block_1_3' title="bbox 599 728 1722 789">
    <p class='ocr_par' dir='ltr' id='par_1_3' title="bbox 599 728 1722 789">
     <span class='ocr_line' id='line_1_3' title="bbox 599 728 1722 789; baseline 0 -9"><span class='ocrx_word' id='word_1_10' title='bbox 599 728 829 780; x_wconf 81' lang='lat' dir='ltr'><em>Invenire</em></span> <span class='ocrx_word' id='word_1_11' title='bbox 853 728 949 780; x_wconf 81' lang='lat' dir='ltr'>vim</span> <span class='ocrx_word' id='word_1_12' title='bbox 976 728 1142 780; x_wconf 83' lang='lat' dir='ltr'>Lunae</span> <span class='ocrx_word' id='word_1_13' title='bbox 1166 730 1238 789; x_wconf 79' lang='lat' dir='ltr'>ad</span> <span class='ocrx_word' id='word_1_14' title='bbox 1260 745 1398 779; x_wconf 82' lang='lat' dir='ltr'>mare</span> <span class='ocrx_word' id='word_1_15' title='bbox 1421 730 1722 780; x_wconf 80' lang='lat' dir='ltr'>movendum.</span> 
     </span>
    </p>
   </div>
   <div class='ocr_carea' id='block_1_4' title="bbox 2 902 2243 1970">
    <p class='ocr_par' dir='ltr' id='par_1_4' title="bbox 67 902 2243 1771">
     <span class='ocr_line' id='line_1_4' title="bbox 149 902 2242 976; baseline -0 -18"><span class='ocrx_word' id='word_1_16' title='bbox 149 907 207 976; x_wconf 77' lang='lat'>(⁰)</span> <span class='ocrx_word' id='word_1_17' title='bbox 247 907 340 959; x_wconf 89' lang='lat' dir='ltr'>Vis</span> <span class='ocrx_word' id='word_1_18' title='bbox 368 905 536 957; x_wconf 86' lang='lat' dir='ltr'>Lunae</span> <span class='ocrx_word' id='word_1_19' title='bbox 562 903 631 955; x_wconf 92' lang='lat' dir='ltr'>ad</span> <span class='ocrx_word' id='word_1_20' title='bbox 654 923 798 956; x_wconf 90' lang='lat' dir='ltr'>mare</span> <span class='ocrx_word' id='word_1_21' title='bbox 824 904 1141 955; x_wconf 87' lang='lat' dir='ltr'>movendum</span> <span class='ocrx_word' id='word_1_22' title='bbox 1162 902 1456 974; x_wconf 90' lang='lat' dir='ltr'>colligenda</span> <span class='ocrx_word' id='word_1_23' title='bbox 1480 912 1557 954; x_wconf 90' lang='lat' dir='ltr'>est</span> <span class='ocrx_word' id='word_1_24' title='bbox 1582 922 1649 954; x_wconf 82' lang='lat' dir='ltr'>ex</span> <span class='ocrx_word' id='word_1_25' title='bbox 1676 904 1783 972; x_wconf 84' lang='lat' dir='ltr'>ejus</span> <span class='ocrx_word' id='word_1_26' title='bbox 1808 905 2148 972; x_wconf 75' lang='lat' dir='ltr'>proportione</span> <span class='ocrx_word' id='word_1_27' title='bbox 2174 905 2242 956; x_wconf 87' lang='lat' dir='ltr'>ad</span> 
     </span>
     <span class='ocr_line' id='line_1_5' title="bbox 72 995 2239 1065; baseline -0.001 -17"><span class='ocrx_word' id='word_1_28' title='bbox 72 997 178 1048; x_wconf 90' lang='lat' dir='ltr'>vim</span> <span class='ocrx_word' id='word_1_29' title='bbox 205 998 357 1059; x_wconf 88' lang='lat' dir='ltr'>Solis,</span> <span class='ocrx_word' id='word_1_30' title='bbox 399 1007 450 1047; x_wconf 89' lang='lat' dir='ltr'>et</span> <span class='ocrx_word' id='word_1_31' title='bbox 474 996 588 1047; x_wconf 87' lang='lat' dir='ltr'>haec</span> <span class='ocrx_word' id='word_1_32' title='bbox 613 996 886 1064; x_wconf 82' lang='lat' dir='ltr'>proportio</span> <span class='ocrx_word' id='word_1_33' title='bbox 912 995 1207 1065; x_wconf 86' lang='lat' dir='ltr'>colligenda</span> <span class='ocrx_word' id='word_1_34' title='bbox 1232 1005 1311 1046; x_wconf 90' lang='lat' dir='ltr'>est</span> <span class='ocrx_word' id='word_1_35' title='bbox 1337 1014 1402 1046; x_wconf 76' lang='lat' dir='ltr'>ex</span> <span class='ocrx_word' id='word_1_36' title='bbox 1427 995 1768 1063; x_wconf 85' lang='lat' dir='ltr'>proportione</span> <span class='ocrx_word' id='word_1_37' title='bbox 1793 1006 2031 1047; x_wconf 91' lang='lat' dir='ltr'>motuum</span> <span class='ocrx_word' id='word_1_38' title='bbox 2064 997 2239 1060; x_wconf 88' lang='lat' dir='ltr'>maris,</span> 
     </span>
     <span class='ocr_line' id='line_1_6' title="bbox 72 1086 2240 1158; baseline -0 -19"><span class='ocrx_word' id='word_1_39' title='bbox 72 1089 161 1158; x_wconf 90' lang='lat' dir='ltr'>qui</span> <span class='ocrx_word' id='word_1_40' title='bbox 186 1088 251 1139; x_wconf 88' lang='lat' dir='ltr'>ab</span> <span class='ocrx_word' id='word_1_41' title='bbox 277 1088 357 1138; x_wconf 86' lang='lat' dir='ltr'>his</span> <span class='ocrx_word' id='word_1_42' title='bbox 383 1088 577 1139; x_wconf 89' lang='lat' dir='ltr'>viribus</span> <span class='ocrx_word' id='word_1_43' title='bbox 604 1088 858 1138; x_wconf 88' lang='lat' dir='ltr'>oriuntur.</span> <span class='ocrx_word' id='word_1_44' title='bbox 913 1088 1054 1138; x_wconf 91' lang='lat' dir='ltr'>Ante</span> <span class='ocrx_word' id='word_1_45' title='bbox 1080 1086 1271 1137; x_wconf 89' lang='lat' dir='ltr'>ostium</span> <span class='ocrx_word' id='word_1_46' title='bbox 1288 1086 1434 1138; x_wconf 86' lang='lat' dir='ltr'>fluvii</span> <span class='ocrx_word' id='word_1_47' title='bbox 1461 1087 1664 1137; x_wconf 87' lang='lat' dir='ltr'>Avonae</span> <span class='ocrx_word' id='word_1_48' title='bbox 1691 1087 1759 1138; x_wconf 92' lang='lat' dir='ltr'>ad</span> <span class='ocrx_word' id='word_1_49' title='bbox 1783 1087 2011 1155; x_wconf 81' lang='lat' dir='ltr'>lapidem</span> <span class='ocrx_word' id='word_1_50' title='bbox 2028 1089 2240 1139; x_wconf 89' lang='lat' dir='ltr'>tertium</span> 
     </span>
     <span class='ocr_line' id='line_1_7' title="bbox 69 1178 2243 1248; baseline 0 -19"><span class='ocrx_word' id='word_1_51' title='bbox 69 1178 205 1229; x_wconf 87' lang='lat' dir='ltr'>infra</span> <span class='ocrx_word' id='word_1_52' title='bbox 250 1178 571 1242; x_wconf 87' lang='lat' dir='ltr'>Eristolium,</span> <span class='ocrx_word' id='word_1_53' title='bbox 619 1188 853 1246; x_wconf 90' lang='lat' dir='ltr'>tempore</span> <span class='ocrx_word' id='word_1_54' title='bbox 896 1196 1057 1229; x_wconf 89' lang='lat' dir='ltr'>verno</span> <span class='ocrx_word' id='word_1_55' title='bbox 1102 1187 1153 1247; x_wconf 76' lang='lat' dir='ltr'>et</span> <span class='ocrx_word' id='word_1_56' title='bbox 1192 1178 1479 1229; x_wconf 82' lang='lat' dir='ltr'>autumnali</span> <span class='ocrx_word' id='word_1_57' title='bbox 1521 1188 1661 1229; x_wconf 82' lang='lat' dir='ltr'>totus</span> <span class='ocrx_word' id='word_1_58' title='bbox 1706 1196 1854 1248; x_wconf 86' lang='lat' dir='ltr'>aquae</span> <span class='ocrx_word' id='word_1_59' title='bbox 1900 1198 2141 1231; x_wconf 89' lang='lat' dir='ltr'>ascensus</span> <span class='ocrx_word' id='word_1_60' title='bbox 2186 1179 2243 1229; x_wconf 90' lang='lat' dir='ltr'>in</span> 
     </span>
     <span class='ocr_line' id='line_1_8' title="bbox 71 1253 2242 1336; baseline 0 -17"><span class='ocrx_word' id='word_1_61' title='bbox 71 1268 434 1336; x_wconf 88' lang='lat' dir='ltr'>conjunctione</span> <span class='ocrx_word' id='word_1_62' title='bbox 460 1277 512 1319; x_wconf 92' lang='lat' dir='ltr'>et</span> <span class='ocrx_word' id='word_1_63' title='bbox 537 1267 864 1336; x_wconf 88' lang='lat' dir='ltr'>oppositione</span> <span class='ocrx_word' id='word_1_64' title='bbox 889 1253 1240 1328; x_wconf 82' lang='lat' dir='ltr'>luminarium,</span> <span class='ocrx_word' id='word_1_65' title='bbox 1270 1266 1576 1318; x_wconf 80' lang='lat' dir='ltr'>observante</span> <span class='ocrx_word' id='word_1_66' title='bbox 1607 1267 1848 1318; x_wconf 85' lang='lat' dir='ltr'>Samuele</span> <span class='ocrx_word' id='word_1_67' title='bbox 1877 1268 2124 1331; x_wconf 86' lang='lat' dir='ltr'>Sturmio,</span> <span class='ocrx_word' id='word_1_68' title='bbox 2164 1277 2242 1319; x_wconf 89' lang='lat' dir='ltr'>est</span> 
     </span>
     <span class='ocr_line' id='line_1_9' title="bbox 68 1355 2238 1426; baseline 0.001 -19"><span class='ocrx_word' id='word_1_69' title='bbox 68 1357 263 1426; x_wconf 88' lang='lat' dir='ltr'>pedum</span> <span class='ocrx_word' id='word_1_70' title='bbox 287 1357 404 1425; x_wconf 89' lang='lat' dir='ltr'>plus</span> <span class='ocrx_word' id='word_1_71' title='bbox 429 1357 600 1408; x_wconf 89' lang='lat' dir='ltr'>minus</span> <span class='ocrx_word' id='word_1_72' title='bbox 627 1362 713 1418; x_wconf 87' lang='grc'>45,</span> <span class='ocrx_word' id='word_1_73' title='bbox 755 1356 809 1406; x_wconf 88' lang='lat' dir='ltr'>in</span> <span class='ocrx_word' id='word_1_74' title='bbox 837 1355 1165 1424; x_wconf 87' lang='lat' dir='ltr'>quadraturis</span> <span class='ocrx_word' id='word_1_75' title='bbox 1192 1364 1365 1407; x_wconf 91' lang='lat' dir='ltr'>autem</span> <span class='ocrx_word' id='word_1_76' title='bbox 1391 1365 1468 1407; x_wconf 78' lang='lat' dir='ltr'>est</span> <span class='ocrx_word' id='word_1_77' title='bbox 1492 1355 1688 1424; x_wconf 91' lang='lat' dir='ltr'>pedum</span> <span class='ocrx_word' id='word_1_78' title='bbox 1713 1365 1913 1407; x_wconf 89' lang='lat' dir='ltr'>tantum</span> <span class='ocrx_word' id='word_1_79' title='bbox 1942 1364 2024 1410; x_wconf 78' lang='lat'>25.</span> <span class='ocrx_word' id='word_1_80' title='bbox 2103 1358 2238 1409; x_wconf 84' lang='lat' dir='ltr'>Alti-</span> 
     </span>
     <span class='ocr_line' id='line_1_10' title="bbox 70 1445 2234 1516; baseline 0 -17"><span class='ocrx_word' id='word_1_81' title='bbox 70 1448 196 1500; x_wconf 88' lang='lat' dir='ltr'>tudo</span> <span class='ocrx_word' id='word_1_82' title='bbox 220 1448 376 1516; x_wconf 66' lang='lat' dir='ltr'>‘prior</span> <span class='ocrx_word' id='word_1_83' title='bbox 420 1465 487 1498; x_wconf 83' lang='lat' dir='ltr'>ex</span> <span class='ocrx_word' id='word_1_84' title='bbox 525 1445 723 1497; x_wconf 70' lang='lat' dir='ltr'>summa</span> <span class='ocrx_word' id='word_1_85' title='bbox 769 1445 971 1508; x_wconf 89' lang='lat' dir='ltr'>virium,</span> <span class='ocrx_word' id='word_1_86' title='bbox 1012 1446 1269 1513; x_wconf 84' lang='lat' dir='ltr'>posterior</span> <span class='ocrx_word' id='word_1_87' title='bbox 1306 1464 1372 1497; x_wconf 82' lang='lat' dir='ltr'>ex</span> <span class='ocrx_word' id='word_1_88' title='bbox 1414 1446 1698 1497; x_wconf 89' lang='lat' dir='ltr'>earundem</span> <span class='ocrx_word' id='word_1_89' title='bbox 1737 1446 2025 1499; x_wconf 67' lang='lat' dir='ltr'>differentia</span> <span class='ocrx_word' id='word_1_90' title='bbox 2054 1448 2234 1499; x_wconf 90' lang='lat' dir='ltr'>oritur.</span> 
     </span>
     <span class='ocr_line' id='line_1_11' title="bbox 71 1536 2237 1610; baseline -0 -20"><span class='ocrx_word' id='word_1_91' title='bbox 71 1539 204 1592; x_wconf 87' lang='lat' dir='ltr'>Solis</span> <span class='ocrx_word' id='word_1_92' title='bbox 243 1539 402 1610; x_wconf 88' lang='lat' dir='ltr'>igitur</span> <span class='ocrx_word' id='word_1_93' title='bbox 447 1547 499 1589; x_wconf 91' lang='lat' dir='ltr'>et</span> <span class='ocrx_word' id='word_1_94' title='bbox 543 1538 712 1589; x_wconf 81' lang='lat' dir='ltr'>Lunae</span> <span class='ocrx_word' id='word_1_95' title='bbox 753 1537 808 1587; x_wconf 91' lang='lat' dir='ltr'>in</span> <span class='ocrx_word' id='word_1_96' title='bbox 854 1546 1117 1606; x_wconf 84' lang='lat' dir='ltr'>aequatore</span> <span class='ocrx_word' id='word_1_97' title='bbox 1161 1536 1478 1588; x_wconf 85' lang='lat' dir='ltr'>versantium</span> <span class='ocrx_word' id='word_1_98' title='bbox 1522 1547 1573 1588; x_wconf 93' lang='lat' dir='ltr'>et</span> <span class='ocrx_word' id='word_1_99' title='bbox 1615 1537 1949 1589; x_wconf 87' lang='lat' dir='ltr'>mediocriter</span> <span class='ocrx_word' id='word_1_100' title='bbox 1991 1558 2022 1590; x_wconf 89' lang='lat' dir='ltr'>a</span> <span class='ocrx_word' id='word_1_101' title='bbox 2068 1537 2237 1589; x_wconf 72' lang='lat' dir='ltr'>Terra</span> 
     </span>
     <span class='ocr_line' id='line_1_12' title="bbox 67 1628 2238 1691; baseline -0.002 -8"><span class='ocrx_word' id='word_1_102' title='bbox 67 1631 366 1691; x_wconf 71' lang='lat' dir='ltr'>distantium</span> <span class='ocrx_word' id='word_1_103' title='bbox 387 1638 542 1680; x_wconf 88' lang='lat' dir='ltr'>sunto</span> <span class='ocrx_word' id='word_1_104' title='bbox 568 1629 704 1681; x_wconf 87' lang='lat' dir='ltr'>vires</span> <span class='ocrx_word' id='word_1_105' title='bbox 736 1629 772 1681; x_wconf 89' lang='lat' dir='ltr'>S</span> <span class='ocrx_word' id='word_1_106' title='bbox 800 1637 852 1679; x_wconf 91' lang='lat' dir='ltr'>et</span> <span class='ocrx_word' id='word_1_107' title='bbox 879 1628 944 1691; x_wconf 91' lang='lat' dir='ltr'>L,</span> <span class='ocrx_word' id='word_1_108' title='bbox 985 1638 1037 1680; x_wconf 91' lang='lat' dir='ltr'>et</span> <span class='ocrx_word' id='word_1_109' title='bbox 1062 1628 1161 1680; x_wconf 89' lang='lat' dir='ltr'>erit</span> <span class='ocrx_word' id='word_1_110' title='bbox 1188 1628 1237 1680; x_wconf 94' lang='lat' dir='ltr'>L</span> <span class='ocrx_word' id='word_1_111' title='bbox 1270 1636 1321 1690; x_wconf 61' lang='grc' dir='ltr'>-ι-</span> <span class='ocrx_word' id='word_1_112' title='bbox 1363 1630 1400 1680; x_wconf 91' lang='lat' dir='ltr'>S</span> <span class='ocrx_word' id='word_1_113' title='bbox 1426 1629 1492 1680; x_wconf 92' lang='lat' dir='ltr'>ad</span> <span class='ocrx_word' id='word_1_114' title='bbox 1521 1628 1569 1680; x_wconf 93' lang='lat' dir='ltr'>L</span> <span class='ocrx_word' id='word_1_115' title='bbox 1595 1661 1666 1669; x_wconf 93' lang='lat'>-—</span> <span class='ocrx_word' id='word_1_116' title='bbox 1696 1630 1733 1681; x_wconf 88' lang='lat' dir='ltr'>S</span> <span class='ocrx_word' id='word_1_117' title='bbox 1761 1640 1818 1680; x_wconf 90' lang='lat' dir='ltr'>ut</span> <span class='ocrx_word' id='word_1_118' title='bbox 1842 1637 1910 1682; x_wconf 90' lang='grc'>45</span> <span class='ocrx_word' id='word_1_119' title='bbox 1939 1629 2005 1681; x_wconf 91' lang='lat' dir='ltr'>ad</span> <span class='ocrx_word' id='word_1_120' title='bbox 2034 1635 2118 1691; x_wconf 76' lang='lat'>25,</span> <span class='ocrx_word' id='word_1_121' title='bbox 2149 1648 2238 1680; x_wconf 90' lang='lat' dir='ltr'>seu</span> 
     </span>
     <span class='ocr_line' id='line_1_13' title="bbox 69 1718 274 1771; baseline -0.005 0"><span class='ocrx_word' id='word_1_122' title='bbox 69 1727 100 1771; x_wconf 88' lang='lat'>9</span> <span class='ocrx_word' id='word_1_123' title='bbox 131 1718 196 1770; x_wconf 90' lang='lat' dir='ltr'>ad</span> <span class='ocrx_word' id='word_1_124' title='bbox 226 1725 274 1770; x_wconf 88' lang='lat'>5.</span> 
     </span>
    </p>

    <p class='ocr_par' dir='ltr' id='par_1_5' title="bbox 2 1809 2237 1970">
     <span class='ocr_line' id='line_1_14' title="bbox 2 1809 2235 1880; baseline -0 -18"><span class='ocrx_word' id='word_1_125' title='bbox 2 1872 7 1879; x_wconf 86' lang='lat'>.</span> <span class='ocrx_word' id='word_1_126' title='bbox 139 1810 202 1862; x_wconf 92' lang='lat' dir='ltr'>In</span> <span class='ocrx_word' id='word_1_127' title='bbox 230 1819 388 1879; x_wconf 89' lang='lat' dir='ltr'>portu</span> <span class='ocrx_word' id='word_1_128' title='bbox 417 1809 687 1880; x_wconf 86' lang='lat' dir='ltr'>Plymuthi</span> <span class='ocrx_word' id='word_1_129' title='bbox 712 1818 868 1861; x_wconf 84' lang='lat' dir='ltr'>aestus</span> <span class='ocrx_word' id='word_1_130' title='bbox 895 1809 1051 1860; x_wconf 88' lang='lat' dir='ltr'>maris</span> <span class='ocrx_word' id='word_1_131' title='bbox 1078 1828 1145 1860; x_wconf 85' lang='lat' dir='ltr'>ex</span> <span class='ocrx_word' id='word_1_132' title='bbox 1170 1809 1531 1860; x_wconf 77' lang='lat' dir='ltr'>observatione</span> <span class='ocrx_word' id='word_1_133' title='bbox 1562 1809 1814 1861; x_wconf 85' lang='lat' dir='ltr'>Samuelis</span> <span class='ocrx_word' id='word_1_134' title='bbox 1845 1810 2142 1880; x_wconf 90' lang='lat' dir='ltr'>Colepressi</span> <span class='ocrx_word' id='word_1_135' title='bbox 2169 1810 2235 1861; x_wconf 83' lang='lat' dir='ltr'>ad</span> 
     </span>
     <span class='ocr_line' id='line_1_15' title="bbox 24 1899 2237 1970; baseline 0 -18"><span class='ocrx_word' id='word_1_136' title='bbox 24 1911 30 1914; x_wconf 82' lang='grc'><strong>’</strong></span> <span class='ocrx_word' id='word_1_137' title='bbox 64 1900 224 1969; x_wconf 89' lang='lat' dir='ltr'>pedes</span> <span class='ocrx_word' id='word_1_138' title='bbox 247 1901 368 1969; x_wconf 86' lang='lat' dir='ltr'>plus</span> <span class='ocrx_word' id='word_1_139' title='bbox 394 1901 565 1953; x_wconf 87' lang='lat' dir='ltr'>minus</span> <span class='ocrx_word' id='word_1_140' title='bbox 586 1901 848 1953; x_wconf 84' lang='lat' dir='ltr'>sexdecim</span> <span class='ocrx_word' id='word_1_141' title='bbox 868 1900 1138 1952; x_wconf 88' lang='lat' dir='ltr'>altitudine</span> <span class='ocrx_word' id='word_1_142' title='bbox 1156 1900 1409 1952; x_wconf 86' lang='lat' dir='ltr'>mediocri</span> <span class='ocrx_word' id='word_1_143' title='bbox 1435 1899 1701 1962; x_wconf 85' lang='lat' dir='ltr'>attollitur,</span> <span class='ocrx_word' id='word_1_144' title='bbox 1731 1920 1791 1951; x_wconf 88' lang='lat' dir='ltr'>ac</span> <span class='ocrx_word' id='word_1_145' title='bbox 1815 1909 2049 1970; x_wconf 89' lang='lat' dir='ltr'>tempore</span> <span class='ocrx_word' id='word_1_146' title='bbox 2075 1919 2237 1953; x_wconf 92' lang='lat' dir='ltr'>verno</span> 
     </span>
    </p>
   </div>
   <div class='ocr_carea' id='block_1_5' title="bbox 11 1988 2236 2148">
    <p class='ocr_par' dir='ltr' id='par_1_6' title="bbox 11 1988 2236 2148">
     <span class='ocr_line' id='line_1_16' title="bbox 11 1988 2236 2061; baseline 0.001 -20"><span class='ocrx_word' id='word_1_147' title='bbox 11 2056 20 2061; x_wconf 30' lang='grc' dir='ltr'>Γ</span> <span class='ocrx_word' id='word_1_148' title='bbox 64 1998 117 2041; x_wconf 89' lang='lat' dir='ltr'>et</span> <span class='ocrx_word' id='word_1_149' title='bbox 141 1989 428 2040; x_wconf 80' lang='lat' dir='ltr'>autumnali</span> <span class='ocrx_word' id='word_1_150' title='bbox 453 1990 673 2041; x_wconf 88' lang='lat' dir='ltr'>altitudo</span> <span class='ocrx_word' id='word_1_151' title='bbox 698 1988 853 2041; x_wconf 69' lang='lat' dir='ltr'>aestus</span> <span class='ocrx_word' id='word_1_152' title='bbox 880 1991 936 2040; x_wconf 88' lang='lat' dir='ltr'>in</span> <span class='ocrx_word' id='word_1_153' title='bbox 963 1989 1182 2060; x_wconf 83' lang='lat' dir='ltr'>syzygiis</span> <span class='ocrx_word' id='word_1_154' title='bbox 1211 2008 1457 2057; x_wconf 88' lang='lat' dir='ltr'>superare</span> <span class='ocrx_word' id='word_1_155' title='bbox 1481 1998 1654 2058; x_wconf 86' lang='lat' dir='ltr'>potest</span> <span class='ocrx_word' id='word_1_156' title='bbox 1691 1989 2019 2041; x_wconf 86' lang='lat' dir='ltr'>altitudinem</span> <span class='ocrx_word' id='word_1_157' title='bbox 2047 1992 2155 2060; x_wconf 84' lang='lat' dir='ltr'>ejus</span> <span class='ocrx_word' id='word_1_158' title='bbox 2181 1992 2236 2043; x_wconf 88' lang='lat' dir='ltr'>in</span> 
     </span>
     <span class='ocr_line' id='line_1_17' title="bbox 64 2076 2235 2148; baseline 0.001 -19"><span class='ocrx_word' id='word_1_159' title='bbox 64 2078 396 2148; x_wconf 84' lang='lat' dir='ltr'>quadraturis</span> <span class='ocrx_word' id='word_1_160' title='bbox 421 2079 642 2147; x_wconf 90' lang='lat' dir='ltr'>pedibus</span> <span class='ocrx_word' id='word_1_161' title='bbox 668 2078 786 2147; x_wconf 89' lang='lat' dir='ltr'>plus</span> <span class='ocrx_word' id='word_1_162' title='bbox 812 2088 1009 2147; x_wconf 89' lang='lat' dir='ltr'>septem</span> <span class='ocrx_word' id='word_1_163' title='bbox 1035 2077 1118 2128; x_wconf 90' lang='lat' dir='ltr'>vel</span> <span class='ocrx_word' id='word_1_164' title='bbox 1145 2088 1278 2128; x_wconf 90' lang='lat' dir='ltr'>octo.</span> <span class='ocrx_word' id='word_1_165' title='bbox 1360 2078 1415 2130; x_wconf 91' lang='lat' dir='ltr'>Si</span> <span class='ocrx_word' id='word_1_166' title='bbox 1440 2078 1668 2128; x_wconf 84' lang='lat' dir='ltr'>maxima</span> <span class='ocrx_word' id='word_1_167' title='bbox 1687 2076 1873 2128; x_wconf 87' lang='lat' dir='ltr'>harum</span> <span class='ocrx_word' id='word_1_168' title='bbox 1902 2078 2235 2132; x_wconf 88' lang='lat' dir='ltr'>altitudinum</span> 
     </span>
    </p>
   </div>
   <div class='ocr_carea' id='block_1_6' title="bbox 4 2166 2253 3780">
    <p class='ocr_par' dir='ltr' id='par_1_7' title="bbox 4 2166 2233 2603">
     <span class='ocr_line' id='line_1_18' title="bbox 63 2166 2225 2237; baseline 0.003 -20"><span class='ocrx_word' id='word_1_169' title='bbox 63 2166 352 2218; x_wconf 86' lang='lat' dir='ltr'>differentia</span> <span class='ocrx_word' id='word_1_170' title='bbox 379 2167 444 2218; x_wconf 87' lang='lat' dir='ltr'>sit</span> <span class='ocrx_word' id='word_1_171' title='bbox 467 2166 661 2235; x_wconf 90' lang='lat' dir='ltr'>pedum</span> <span class='ocrx_word' id='word_1_172' title='bbox 686 2185 891 2230; x_wconf 88' lang='lat' dir='ltr'>novem,</span> <span class='ocrx_word' id='word_1_173' title='bbox 922 2167 1020 2219; x_wconf 87' lang='lat' dir='ltr'>erit</span> <span class='ocrx_word' id='word_1_174' title='bbox 1046 2167 1094 2218; x_wconf 93' lang='lat' dir='ltr'>L</span> <span class='ocrx_word' id='word_1_175' title='bbox 1124 2174 1177 2228; x_wconf 67' lang='grc' dir='ltr'>-ί-</span> <span class='ocrx_word' id='word_1_176' title='bbox 1209 2167 1246 2219; x_wconf 93' lang='lat' dir='ltr'>S</span> <span class='ocrx_word' id='word_1_177' title='bbox 1272 2166 1339 2218; x_wconf 90' lang='lat' dir='ltr'>ad</span> <span class='ocrx_word' id='word_1_178' title='bbox 1366 2167 1414 2218; x_wconf 95' lang='lat' dir='ltr'>L</span> <span class='ocrx_word' id='word_1_179' title='bbox 1441 2199 1513 2207; x_wconf 95' lang='lat'>—</span> <span class='ocrx_word' id='word_1_180' title='bbox 1542 2168 1578 2219; x_wconf 93' lang='lat' dir='ltr'>S</span> <span class='ocrx_word' id='word_1_181' title='bbox 1605 2176 1663 2218; x_wconf 91' lang='lat' dir='ltr'>ut</span> <span class='ocrx_word' id='word_1_182' title='bbox 1689 2170 1791 2233; x_wconf 74' lang='grc' dir='ltr'>2οὲ-</span> <span class='ocrx_word' id='word_1_183' title='bbox 1821 2167 1888 2218; x_wconf 90' lang='lat' dir='ltr'>ad</span> <span class='ocrx_word' id='word_1_184' title='bbox 1918 2174 2016 2237; x_wconf 49' lang='lat'>115</span> <span class='ocrx_word' id='word_1_185' title='bbox 2044 2189 2136 2222; x_wconf 91' lang='lat' dir='ltr'>seu</span> <span class='ocrx_word' id='word_1_186' title='bbox 2162 2179 2225 2223; x_wconf 87' lang='grc'>41</span> 
     </span>
     <span class='ocr_line' id='line_1_19' title="bbox 60 2257 2233 2331; baseline 0.002 -22"><span class='ocrx_word' id='word_1_187' title='bbox 60 2257 129 2309; x_wconf 90' lang='lat' dir='ltr'>ad</span> <span class='ocrx_word' id='word_1_188' title='bbox 155 2263 240 2310; x_wconf 80' lang='lat'>23.</span> <span class='ocrx_word' id='word_1_189' title='bbox 319 2258 456 2319; x_wconf 81' lang='lat' dir='ltr'>Quae</span> <span class='ocrx_word' id='word_1_190' title='bbox 491 2258 764 2328; x_wconf 88' lang='lat' dir='ltr'>proportio</span> <span class='ocrx_word' id='word_1_191' title='bbox 808 2258 928 2309; x_wconf 86' lang='lat' dir='ltr'>satis</span> <span class='ocrx_word' id='word_1_192' title='bbox 972 2257 1214 2329; x_wconf 87' lang='lat' dir='ltr'>congruit</span> <span class='ocrx_word' id='word_1_193' title='bbox 1258 2276 1377 2309; x_wconf 90' lang='lat' dir='ltr'>cum</span> <span class='ocrx_word' id='word_1_194' title='bbox 1418 2260 1608 2328; x_wconf 88' lang='lat' dir='ltr'>priore.</span> <span class='ocrx_word' id='word_1_195' title='bbox 1688 2258 1776 2311; x_wconf 89' lang='lat' dir='ltr'>Ob</span> <span class='ocrx_word' id='word_1_196' title='bbox 1816 2261 2233 2331; x_wconf 85' lang='lat' dir='ltr'>magnitudinem</span> 
     </span>
     <span class='ocr_line' id='line_1_20' title="bbox 60 2347 2231 2421; baseline 0.002 -21"><span class='ocrx_word' id='word_1_197' title='bbox 60 2347 215 2400; x_wconf 72' lang='lat' dir='ltr'>aestfis</span> <span class='ocrx_word' id='word_1_198' title='bbox 251 2349 306 2399; x_wconf 85' lang='lat' dir='ltr'>in</span> <span class='ocrx_word' id='word_1_199' title='bbox 346 2358 501 2417; x_wconf 86' lang='lat' dir='ltr'>portu</span> <span class='ocrx_word' id='word_1_200' title='bbox 541 2349 817 2412; x_wconf 84' lang='lat' dir='ltr'>Eristoliae,</span> <span class='ocrx_word' id='word_1_201' title='bbox 860 2349 1305 2401; x_wconf 86' lang='lat' dir='ltr'>observationibus</span> <span class='ocrx_word' id='word_1_202' title='bbox 1348 2350 1564 2402; x_wconf 88' lang='lat' dir='ltr'>Sturmii</span> <span class='ocrx_word' id='word_1_203' title='bbox 1604 2350 1770 2421; x_wconf 88' lang='lat' dir='ltr'>magis</span> <span class='ocrx_word' id='word_1_204' title='bbox 1809 2350 2080 2404; x_wconf 90' lang='lat' dir='ltr'>fidendum</span> <span class='ocrx_word' id='word_1_205' title='bbox 2120 2373 2231 2406; x_wconf 87' lang='lat' dir='ltr'>esse</span> 
     </span>
     <span class='ocr_line' id='line_1_21' title="bbox 61 2433 2226 2512; baseline 0.002 -22"><span class='ocrx_word' id='word_1_206' title='bbox 61 2439 282 2503; x_wconf 88' lang='lat' dir='ltr'>videtur,</span> <span class='ocrx_word' id='word_1_207' title='bbox 325 2433 547 2512; x_wconf 77' lang='lat' dir='ltr'>ideoque</span> <span class='ocrx_word' id='word_1_208' title='bbox 573 2441 740 2492; x_wconf 88' lang='lat' dir='ltr'>donec</span> <span class='ocrx_word' id='word_1_209' title='bbox 778 2441 974 2512; x_wconf 90' lang='lat' dir='ltr'>aliquid</span> <span class='ocrx_word' id='word_1_210' title='bbox 1001 2442 1187 2493; x_wconf 88' lang='lat' dir='ltr'>certius</span> <span class='ocrx_word' id='word_1_211' title='bbox 1228 2442 1529 2506; x_wconf 83' lang='lat' dir='ltr'>constiterit,</span> <span class='ocrx_word' id='word_1_212' title='bbox 1572 2442 1968 2512; x_wconf 84' lang='lat' dir='ltr'>proportionem</span> <span class='ocrx_word' id='word_1_213' title='bbox 2013 2452 2043 2499; x_wconf 90' lang='lat'><strong>9</strong></span> <span class='ocrx_word' id='word_1_214' title='bbox 2090 2445 2157 2497; x_wconf 83' lang='lat' dir='ltr'>ad</span> <span class='ocrx_word' id='word_1_215' title='bbox 2195 2453 2226 2500; x_wconf 89' lang='lat'><em>5</em></span> 
     </span>
     <span class='ocr_line' id='line_1_22' title="bbox 4 2530 437 2603; baseline 0.007 -24"><span class='ocrx_word' id='word_1_216' title='bbox 4 2599 7 2603; x_wconf 14' lang='grc' dir='ltr'><strong><em>Δ</em></strong></span> <span class='ocrx_word' id='word_1_217' title='bbox 58 2530 437 2598; x_wconf 85' lang='lat' dir='ltr'>usurpabimus.</span> 
     </span>
    </p>

    <p class='ocr_par' dir='ltr' id='par_1_8' title="bbox 14 2620 2253 3780">
     <span class='ocr_line' id='line_1_23' title="bbox 138 2620 2228 2693; baseline 0.004 -22"><span class='ocrx_word' id='word_1_218' title='bbox 138 2620 400 2672; x_wconf 79' lang='lat' dir='ltr'>Caeterum</span> <span class='ocrx_word' id='word_1_219' title='bbox 426 2622 494 2674; x_wconf 91' lang='lat' dir='ltr'>ob</span> <span class='ocrx_word' id='word_1_220' title='bbox 520 2642 773 2693; x_wconf 90' lang='lat' dir='ltr'>aquarum</span> <span class='ocrx_word' id='word_1_221' title='bbox 800 2626 1094 2693; x_wconf 88' lang='lat' dir='ltr'>reciprocos</span> <span class='ocrx_word' id='word_1_222' title='bbox 1120 2634 1309 2688; x_wconf 88' lang='lat' dir='ltr'>motus,</span> <span class='ocrx_word' id='word_1_223' title='bbox 1357 2635 1513 2677; x_wconf 87' lang='lat' dir='ltr'>aestus</span> <span class='ocrx_word' id='word_1_224' title='bbox 1538 2626 1754 2677; x_wconf 86' lang='lat' dir='ltr'>maximi</span> <span class='ocrx_word' id='word_1_225' title='bbox 1779 2644 1887 2677; x_wconf 90' lang='lat' dir='ltr'>non</span> <span class='ocrx_word' id='word_1_226' title='bbox 1913 2627 2149 2680; x_wconf 86' lang='lat' dir='ltr'>incidunt</span> <span class='ocrx_word' id='word_1_227' title='bbox 2172 2628 2228 2680; x_wconf 88' lang='lat' dir='ltr'>in</span> 
     </span>
     <span class='ocr_line' id='line_1_24' title="bbox 56 2709 2227 2784; baseline 0.004 -24"><span class='ocrx_word' id='word_1_228' title='bbox 56 2709 196 2778; x_wconf 89' lang='lat' dir='ltr'>ipsas</span> <span class='ocrx_word' id='word_1_229' title='bbox 221 2709 557 2763; x_wconf 88' lang='lat' dir='ltr'>luminarium</span> <span class='ocrx_word' id='word_1_230' title='bbox 581 2713 831 2784; x_wconf 84' lang='lat' dir='ltr'>syzygias,</span> <span class='ocrx_word' id='word_1_231' title='bbox 875 2713 966 2765; x_wconf 88' lang='lat' dir='ltr'>sed</span> <span class='ocrx_word' id='word_1_232' title='bbox 1005 2723 1129 2775; x_wconf 30' lang='lat' dir='ltr'>sunt·</span> <span class='ocrx_word' id='word_1_233' title='bbox 1162 2714 1300 2765; x_wconf 89' lang='lat' dir='ltr'>tertii</span> <span class='ocrx_word' id='word_1_234' title='bbox 1336 2732 1367 2764; x_wconf 87' lang='lat' dir='ltr'>a</span> <span class='ocrx_word' id='word_1_235' title='bbox 1404 2714 1624 2784; x_wconf 83' lang='lat' dir='ltr'>syzygiis</span> <span class='ocrx_word' id='word_1_236' title='bbox 1662 2724 1720 2765; x_wconf 92' lang='lat' dir='ltr'>ut</span> <span class='ocrx_word' id='word_1_237' title='bbox 1758 2713 1955 2765; x_wconf 88' lang='lat' dir='ltr'>dictum</span> <span class='ocrx_word' id='word_1_238' title='bbox 1980 2714 2091 2778; x_wconf 80' lang='lat' dir='ltr'>fuit,</span> <span class='ocrx_word' id='word_1_239' title='bbox 2135 2736 2227 2769; x_wconf 90' lang='lat' dir='ltr'>seu</span> 
     </span>
     <span class='ocr_line' id='line_1_25' title="bbox 54 2800 2222 2877; baseline 0.004 -25"><span class='ocrx_word' id='word_1_240' title='bbox 54 2800 296 2869; x_wconf 78' lang='lat' dir='ltr'>proxime</span> <span class='ocrx_word' id='word_1_241' title='bbox 322 2805 845 2872; x_wconf 77' lang='lat' dir='ltr'>sequunturtertium</span> <span class='ocrx_word' id='word_1_242' title='bbox 873 2805 1042 2857; x_wconf 88' lang='lat' dir='ltr'>Lunae</span> <span class='ocrx_word' id='word_1_243' title='bbox 1066 2815 1186 2874; x_wconf 86' lang='lat' dir='ltr'>post</span> <span class='ocrx_word' id='word_1_244' title='bbox 1211 2806 1444 2877; x_wconf 81' lang='lat' dir='ltr'>syzygias</span> <span class='ocrx_word' id='word_1_245' title='bbox 1483 2806 1761 2875; x_wconf 88' lang='lat' dir='ltr'>appulsum</span> <span class='ocrx_word' id='word_1_246' title='bbox 1786 2806 1852 2857; x_wconf 89' lang='lat' dir='ltr'>ad</span> <span class='ocrx_word' id='word_1_247' title='bbox 1877 2808 2222 2861; x_wconf 87' lang='lat' dir='ltr'>meridianum</span> 
     </span>
     <span class='ocr_line' id='line_1_26' title="bbox 55 2889 2223 2963; baseline 0.004 -23"><span class='ocrx_word' id='word_1_248' title='bbox 55 2889 173 2954; x_wconf 91' lang='lat' dir='ltr'>loci,</span> <span class='ocrx_word' id='word_1_249' title='bbox 216 2891 297 2942; x_wconf 91' lang='lat' dir='ltr'>vel</span> <span class='ocrx_word' id='word_1_250' title='bbox 321 2892 495 2961; x_wconf 87' lang='lat' dir='ltr'>potius</span> <span class='ocrx_word' id='word_1_251' title='bbox 543 2896 622 2962; x_wconf 92' lang='lat' dir='ltr'>(ut</span> <span class='ocrx_word' id='word_1_252' title='bbox 647 2913 678 2945; x_wconf 90' lang='lat' dir='ltr'>a</span> <span class='ocrx_word' id='word_1_253' title='bbox 707 2894 937 2946; x_wconf 91' lang='lat' dir='ltr'>Sturmio</span> <span class='ocrx_word' id='word_1_254' title='bbox 962 2894 1192 2959; x_wconf 87' lang='lat' dir='ltr'>notatur)</span> <span class='ocrx_word' id='word_1_255' title='bbox 1236 2904 1356 2945; x_wconf 89' lang='lat' dir='ltr'>sunt</span> <span class='ocrx_word' id='word_1_256' title='bbox 1381 2894 1520 2946; x_wconf 87' lang='lat' dir='ltr'>tertii</span> <span class='ocrx_word' id='word_1_257' title='bbox 1545 2904 1666 2963; x_wconf 88' lang='lat' dir='ltr'>post</span> <span class='ocrx_word' id='word_1_258' title='bbox 1690 2895 1827 2946; x_wconf 87' lang='lat' dir='ltr'>diem</span> <span class='ocrx_word' id='word_1_259' title='bbox 1864 2896 2115 2947; x_wconf 84' lang='lat' dir='ltr'>novilunii</span> <span class='ocrx_word' id='word_1_260' title='bbox 2142 2898 2223 2949; x_wconf 92' lang='lat' dir='ltr'>vel</span> 
     </span>
     <span class='ocr_line' id='line_1_27' title="bbox 53 2981 2221 3056; baseline 0.004 -24"><span class='ocrx_word' id='word_1_261' title='bbox 53 2981 344 3051; x_wconf 86' lang='lat' dir='ltr'>plenilunii,</span> <span class='ocrx_word' id='word_1_262' title='bbox 374 2983 466 3035; x_wconf 87' lang='lat' dir='ltr'>sed</span> <span class='ocrx_word' id='word_1_263' title='bbox 489 2994 610 3053; x_wconf 90' lang='lat' dir='ltr'>post</span> <span class='ocrx_word' id='word_1_264' title='bbox 632 2985 818 3037; x_wconf 89' lang='lat' dir='ltr'>horam</span> <span class='ocrx_word' id='word_1_265' title='bbox 855 3005 886 3037; x_wconf 90' lang='lat' dir='ltr'>a</span> <span class='ocrx_word' id='word_1_266' title='bbox 921 2986 1189 3037; x_wconf 90' lang='lat' dir='ltr'>novilunio</span> <span class='ocrx_word' id='word_1_267' title='bbox 1215 2987 1297 3037; x_wconf 88' lang='lat' dir='ltr'>vel</span> <span class='ocrx_word' id='word_1_268' title='bbox 1322 2986 1609 3055; x_wconf 88' lang='lat' dir='ltr'>plenilunio</span> <span class='ocrx_word' id='word_1_269' title='bbox 1633 2987 1751 3056; x_wconf 90' lang='lat' dir='ltr'>plus</span> <span class='ocrx_word' id='word_1_270' title='bbox 1777 2987 1947 3038; x_wconf 89' lang='lat' dir='ltr'>minus</span> <span class='ocrx_word' id='word_1_271' title='bbox 1973 2988 2221 3040; x_wconf 88' lang='lat' dir='ltr'>duodeci-</span> 
     </span>
     <span class='ocr_line' id='line_1_28' title="bbox 52 3073 2253 3148; baseline 0.004 -25"><span class='ocrx_word' id='word_1_272' title='bbox 52 3091 208 3136; x_wconf 87' lang='lat' dir='ltr'>mam,</span> <span class='ocrx_word' id='word_1_273' title='bbox 251 3073 473 3144; x_wconf 78' lang='lat' dir='ltr'>ideoque</span> <span class='ocrx_word' id='word_1_274' title='bbox 498 3075 735 3129; x_wconf 90' lang='lat' dir='ltr'>incidunt</span> <span class='ocrx_word' id='word_1_275' title='bbox 774 3077 829 3129; x_wconf 90' lang='lat' dir='ltr'>in</span> <span class='ocrx_word' id='word_1_276' title='bbox 870 3077 1055 3129; x_wconf 88' lang='lat' dir='ltr'>horam</span> <span class='ocrx_word' id='word_1_277' title='bbox 1096 3098 1127 3129; x_wconf 92' lang='lat' dir='ltr'>a</span> <span class='ocrx_word' id='word_1_278' title='bbox 1168 3079 1436 3130; x_wconf 88' lang='lat' dir='ltr'>novilunio</span> <span class='ocrx_word' id='word_1_279' title='bbox 1461 3079 1543 3131; x_wconf 92' lang='lat' dir='ltr'>vel</span> <span class='ocrx_word' id='word_1_280' title='bbox 1567 3080 1855 3148; x_wconf 90' lang='lat' dir='ltr'>plenilunio</span> <span class='ocrx_word' id='word_1_281' title='bbox 1892 3080 2010 3148; x_wconf 90' lang='lat' dir='ltr'>plus</span> <span class='ocrx_word' id='word_1_282' title='bbox 2048 3075 2253 3133; x_wconf 56' lang='lat' dir='ltr'>minus*</span> 
     </span>
     <span class='ocr_line' id='line_1_29' title="bbox 54 3165 2218 3241; baseline 0.005 -25"><span class='ocrx_word' id='word_1_283' title='bbox 54 3165 502 3236; x_wconf 83' lang='lat' dir='ltr'>quadragesimam</span> <span class='ocrx_word' id='word_1_284' title='bbox 539 3168 759 3219; x_wconf 89' lang='lat' dir='ltr'>tertiam.</span> <span class='ocrx_word' id='word_1_285' title='bbox 835 3166 1085 3222; x_wconf 86' lang='lat' dir='ltr'>Incidunt</span> <span class='ocrx_word' id='word_1_286' title='bbox 1109 3169 1234 3222; x_wconf 76' lang='lat' dir='ltr'>vero</span> <span class='ocrx_word' id='word_1_287' title='bbox 1260 3171 1311 3221; x_wconf 92' lang='lat' dir='ltr'>in</span> <span class='ocrx_word' id='word_1_288' title='bbox 1338 3171 1440 3223; x_wconf 91' lang='lat' dir='ltr'>hoc</span> <span class='ocrx_word' id='word_1_289' title='bbox 1465 3182 1621 3240; x_wconf 87' lang='lat' dir='ltr'>portu</span> <span class='ocrx_word' id='word_1_290' title='bbox 1645 3172 1699 3223; x_wconf 91' lang='lat' dir='ltr'>in</span> <span class='ocrx_word' id='word_1_291' title='bbox 1724 3173 1909 3224; x_wconf 90' lang='lat' dir='ltr'>horam</span> <span class='ocrx_word' id='word_1_292' title='bbox 1948 3173 2218 3241; x_wconf 81' lang='lat' dir='ltr'>septimam</span> 
     </span>
     <span class='ocr_line' id='line_1_30' title="bbox 53 3254 2217 3334; baseline 0.005 -28"><span class='ocrx_word' id='word_1_293' title='bbox 53 3254 255 3308; x_wconf 86' lang='lat' dir='ltr'>circiter</span> <span class='ocrx_word' id='word_1_294' title='bbox 281 3256 346 3307; x_wconf 89' lang='lat' dir='ltr'>ab</span> <span class='ocrx_word' id='word_1_295' title='bbox 373 3258 596 3326; x_wconf 89' lang='lat' dir='ltr'>appulsu</span> <span class='ocrx_word' id='word_1_296' title='bbox 616 3258 786 3310; x_wconf 84' lang='lat' dir='ltr'>Lunae</span> <span class='ocrx_word' id='word_1_297' title='bbox 811 3261 880 3312; x_wconf 88' lang='lat' dir='ltr'>ad</span> <span class='ocrx_word' id='word_1_298' title='bbox 904 3261 1250 3313; x_wconf 84' lang='lat' dir='ltr'>meridianum</span> <span class='ocrx_word' id='word_1_299' title='bbox 1266 3262 1397 3325; x_wconf 80' lang='lat' dir='ltr'>loci3</span> <span class='ocrx_word' id='word_1_300' title='bbox 1425 3263 1648 3334; x_wconf 77' lang='lat' dir='ltr'>ideoque</span> <span class='ocrx_word' id='word_1_301' title='bbox 1666 3264 1905 3333; x_wconf 72' lang='lat' dir='ltr'>proxime</span> <span class='ocrx_word' id='word_1_302' title='bbox 1932 3275 2217 3334; x_wconf 89' lang='lat' dir='ltr'>sequuntur</span> 
     </span>
     <span class='ocr_line' id='line_1_31' title="bbox 48 3345 2215 3422; baseline 0.005 -27"><span class='ocrx_word' id='word_1_303' title='bbox 48 3345 325 3413; x_wconf 84' lang='lat' dir='ltr'>appulsum</span> <span class='ocrx_word' id='word_1_304' title='bbox 352 3345 520 3398; x_wconf 89' lang='lat' dir='ltr'>Lunae</span> <span class='ocrx_word' id='word_1_305' title='bbox 557 3348 625 3399; x_wconf 87' lang='lat' dir='ltr'>ad</span> <span class='ocrx_word' id='word_1_306' title='bbox 661 3348 1022 3414; x_wconf 85' lang='lat' dir='ltr'>meridianum,</span> <span class='ocrx_word' id='word_1_307' title='bbox 1061 3351 1155 3402; x_wconf 91' lang='lat' dir='ltr'>ubi</span> <span class='ocrx_word' id='word_1_308' title='bbox 1195 3351 1348 3403; x_wconf 89' lang='lat' dir='ltr'>Luna</span> <span class='ocrx_word' id='word_1_309' title='bbox 1374 3351 1530 3404; x_wconf 89' lang='lat' dir='ltr'>distat</span> <span class='ocrx_word' id='word_1_310' title='bbox 1567 3373 1598 3404; x_wconf 90' lang='lat' dir='ltr'>a</span> <span class='ocrx_word' id='word_1_311' title='bbox 1639 3354 1760 3405; x_wconf 91' lang='lat' dir='ltr'>Sole</span> <span class='ocrx_word' id='word_1_312' title='bbox 1800 3354 1880 3405; x_wconf 89' lang='lat' dir='ltr'>vel</span> <span class='ocrx_word' id='word_1_313' title='bbox 1906 3354 1973 3405; x_wconf 88' lang='lat' dir='ltr'>ab</span> <span class='ocrx_word' id='word_1_314' title='bbox 2001 3354 2215 3422; x_wconf 88' lang='lat' dir='ltr'>opposi-</span> 
     </span>
     <span class='ocr_line' id='line_1_32' title="bbox 14 3428 2211 3515; baseline 0.004 -28"><span class='ocrx_word' id='word_1_315' title='bbox 14 3428 17 3434; x_wconf 53' lang='grc'><em>’</em></span> <span class='ocrx_word' id='word_1_316' title='bbox 49 3436 190 3487; x_wconf 88' lang='lat' dir='ltr'>tione</span> <span class='ocrx_word' id='word_1_317' title='bbox 210 3436 344 3489; x_wconf 85' lang='lat' dir='ltr'>Solis</span> <span class='ocrx_word' id='word_1_318' title='bbox 360 3438 608 3508; x_wconf 85' lang='lat' dir='ltr'>gradibus</span> <span class='ocrx_word' id='word_1_319' title='bbox 626 3439 744 3508; x_wconf 91' lang='lat' dir='ltr'>plus</span> <span class='ocrx_word' id='word_1_320' title='bbox 764 3441 936 3492; x_wconf 90' lang='lat' dir='ltr'>minus</span> <span class='ocrx_word' id='word_1_321' title='bbox 954 3443 1245 3494; x_wconf 89' lang='lat' dir='ltr'>octodecim</span> <span class='ocrx_word' id='word_1_322' title='bbox 1263 3443 1346 3495; x_wconf 90' lang='lat' dir='ltr'>vel</span> <span class='ocrx_word' id='word_1_323' title='bbox 1362 3444 1718 3497; x_wconf 89' lang='lat' dir='ltr'>novemdecim</span> <span class='ocrx_word' id='word_1_324' title='bbox 1745 3447 1799 3496; x_wconf 90' lang='lat' dir='ltr'>in</span> <span class='ocrx_word' id='word_1_325' title='bbox 1827 3445 2211 3515; x_wconf 90' lang='lat' dir='ltr'>consequentia.</span> 
     </span>
     <span class='ocr_line' id='line_1_33' title="bbox 50 3524 2212 3601; baseline 0.005 -26"><span class='ocrx_word' id='word_1_326' title='bbox 50 3524 228 3577; x_wconf 84' lang='lat' dir='ltr'>AEstas</span> <span class='ocrx_word' id='word_1_327' title='bbox 256 3535 306 3577; x_wconf 90' lang='lat' dir='ltr'>et</span> <span class='ocrx_word' id='word_1_328' title='bbox 329 3526 509 3596; x_wconf 88' lang='lat' dir='ltr'>hyems</span> <span class='ocrx_word' id='word_1_329' title='bbox 533 3528 759 3581; x_wconf 74' lang='lat' dir='ltr'>maxime</span> <span class='ocrx_word' id='word_1_330' title='bbox 789 3530 980 3601; x_wconf 86' lang='lat' dir='ltr'>vigent,</span> <span class='ocrx_word' id='word_1_331' title='bbox 1020 3550 1127 3583; x_wconf 90' lang='lat' dir='ltr'>non</span> <span class='ocrx_word' id='word_1_332' title='bbox 1152 3532 1207 3583; x_wconf 93' lang='lat' dir='ltr'>in</span> <span class='ocrx_word' id='word_1_333' title='bbox 1233 3533 1357 3601; x_wconf 88' lang='lat' dir='ltr'>ipsis</span> <span class='ocrx_word' id='word_1_334' title='bbox 1385 3533 1628 3596; x_wconf 80' lang='lat' dir='ltr'>solstitiis,</span> <span class='ocrx_word' id='word_1_335' title='bbox 1670 3534 1761 3586; x_wconf 90' lang='lat' dir='ltr'>sed</span> <span class='ocrx_word' id='word_1_336' title='bbox 1796 3535 1888 3586; x_wconf 89' lang='lat' dir='ltr'>ubi</span> <span class='ocrx_word' id='word_1_337' title='bbox 1929 3534 2020 3587; x_wconf 92' lang='lat' dir='ltr'>Sol</span> <span class='ocrx_word' id='word_1_338' title='bbox 2058 3534 2212 3586; x_wconf 85' lang='lat' dir='ltr'>distat</span> 
     </span>
     <span class='ocr_line' id='line_1_34' title="bbox 49 3613 2209 3693; baseline 0.004 -27"><span class='ocrx_word' id='word_1_339' title='bbox 49 3634 81 3666; x_wconf 85' lang='lat' dir='ltr'>a</span> <span class='ocrx_word' id='word_1_340' title='bbox 106 3613 332 3666; x_wconf 87' lang='lat' dir='ltr'>solstitiis</span> <span class='ocrx_word' id='word_1_341' title='bbox 361 3613 561 3666; x_wconf 69' lang='lat' dir='ltr'>decima</span> <span class='ocrx_word' id='word_1_342' title='bbox 601 3616 802 3669; x_wconf 91' lang='lat' dir='ltr'>circiter</span> <span class='ocrx_word' id='word_1_343' title='bbox 827 3628 975 3686; x_wconf 87' lang='lat' dir='ltr'>parte</span> <span class='ocrx_word' id='word_1_344' title='bbox 1012 3621 1167 3672; x_wconf 89' lang='lat' dir='ltr'>totius</span> <span class='ocrx_word' id='word_1_345' title='bbox 1195 3620 1452 3685; x_wconf 73' lang='lat' dir='ltr'>circuitus,</span> <span class='ocrx_word' id='word_1_346' title='bbox 1495 3640 1584 3672; x_wconf 89' lang='lat' dir='ltr'>seu</span> <span class='ocrx_word' id='word_1_347' title='bbox 1610 3623 1857 3693; x_wconf 87' lang='lat' dir='ltr'>gradibus</span> <span class='ocrx_word' id='word_1_348' title='bbox 1884 3622 2001 3692; x_wconf 92' lang='lat' dir='ltr'>plus</span> <span class='ocrx_word' id='word_1_349' title='bbox 2037 3623 2209 3675; x_wconf 90' lang='lat' dir='ltr'>minus</span> 
     </span>
     <span class='ocr_line' id='line_1_35' title="bbox 52 3703 2206 3780; baseline 0.004 -26"><span class='ocrx_word' id='word_1_350' title='bbox 52 3710 117 3756; x_wconf 85' lang='lat'>36</span> <span class='ocrx_word' id='word_1_351' title='bbox 144 3703 227 3755; x_wconf 87' lang='lat' dir='ltr'>vel</span> <span class='ocrx_word' id='word_1_352' title='bbox 253 3708 337 3758; x_wconf 81' lang='lat'>37.</span> <span class='ocrx_word' id='word_1_353' title='bbox 416 3703 487 3754; x_wconf 78' lang='lat' dir='ltr'>Et</span> <span class='ocrx_word' id='word_1_354' title='bbox 512 3703 745 3757; x_wconf 90' lang='lat' dir='ltr'>similiter</span> <span class='ocrx_word' id='word_1_355' title='bbox 769 3707 1027 3759; x_wconf 82' lang='lat' dir='ltr'>maximus</span> <span class='ocrx_word' id='word_1_356' title='bbox 1053 3718 1210 3761; x_wconf 86' lang='lat' dir='ltr'>aestus</span> <span class='ocrx_word' id='word_1_357' title='bbox 1236 3709 1392 3760; x_wconf 89' lang='lat' dir='ltr'>maris</span> <span class='ocrx_word' id='word_1_358' title='bbox 1419 3710 1583 3762; x_wconf 86' lang='lat' dir='ltr'>oritur</span> <span class='ocrx_word' id='word_1_359' title='bbox 1608 3711 1673 3762; x_wconf 89' lang='lat' dir='ltr'>ab</span> <span class='ocrx_word' id='word_1_360' title='bbox 1700 3710 1920 3780; x_wconf 88' lang='lat' dir='ltr'>appulsu</span> <span class='ocrx_word' id='word_1_361' title='bbox 1948 3711 2117 3763; x_wconf 84' lang='lat' dir='ltr'>Lunae</span> <span class='ocrx_word' id='word_1_362' title='bbox 2140 3712 2206 3765; x_wconf 88' lang='lat' dir='ltr'>ad</span> 
     </span>
    </p>
   </div>
   <div class='ocr_carea' id='block_1_7' title="bbox 53 3861 2202 3964">
    <p class='ocr_par' dir='ltr' id='par_1_9' title="bbox 53 3861 2202 3964">
     <span class='ocr_line' id='line_1_36' title="bbox 101 3861 2202 3922; baseline 0.006 -21"><span class='ocrx_word' id='word_1_363' title='bbox 101 3861 156 3914; x_wconf 53' lang='grc' dir='ltr'>(ο)</span> <span class='ocrx_word' id='word_1_364' title='bbox 191 3865 214 3888; x_wconf 69' lang='lat'>¹⁸</span> <span class='ocrx_word' id='word_1_365' title='bbox 245 3864 307 3902; x_wconf 80' lang='lat' dir='ltr'>Vis</span> <span class='ocrx_word' id='word_1_366' title='bbox 326 3866 458 3903; x_wconf 80' lang='lat' dir='ltr'>Lunoe</span> <span class='ocrx_word' id='word_1_367' title='bbox 485 3868 536 3904; x_wconf 84' lang='lat' dir='ltr'>ad</span> <span class='ocrx_word' id='word_1_368' title='bbox 562 3880 669 3905; x_wconf 80' lang='lat' dir='ltr'>mare</span> <span class='ocrx_word' id='word_1_369' title='bbox 696 3871 940 3907; x_wconf 79' lang='lat' dir='ltr'>movendum.</span> <span class='ocrx_word' id='word_1_370' title='bbox 1002 3869 1094 3907; x_wconf 83' lang='lat' dir='ltr'>Vid.</span> <span class='ocrx_word' id='word_1_371' title='bbox 1155 3870 1294 3908; x_wconf 89' lang='lat' dir='ltr'>noullii</span> <span class='ocrx_word' id='word_1_372' title='bbox 1323 3878 1364 3909; x_wconf 85' lang='lat' dir='ltr'>et</span> <span class='ocrx_word' id='word_1_373' title='bbox 1398 3872 1514 3922; x_wconf 90' lang='lat' dir='ltr'>Prop.</span> <span class='ocrx_word' id='word_1_374' title='bbox 1556 3872 1636 3910; x_wconf 90' lang='lat' dir='ltr'>IX.</span> <span class='ocrx_word' id='word_1_375' title='bbox 1671 3872 1713 3911; x_wconf 87' lang='lat' dir='ltr'>in</span> <span class='ocrx_word' id='word_1_376' title='bbox 1749 3872 2031 3913; x_wconf 78' lang='lat' dir='ltr'>Dissertatione</span> <span class='ocrx_word' id='word_1_377' title='bbox 2060 3873 2202 3913; x_wconf 81' lang='lat' dir='ltr'>clariss.</span> 
     </span>
     <span class='ocr_line' id='line_1_37' title="bbox 53 3914 1408 3964; baseline 0.008 -11"><span class='ocrx_word' id='word_1_378' title='bbox 53 3914 148 3964; x_wconf 78' lang='lat' dir='ltr'>Cap.</span> <span class='ocrx_word' id='word_1_379' title='bbox 170 3916 243 3955; x_wconf 88' lang='lat' dir='ltr'>VI·</span> <span class='ocrx_word' id='word_1_380' title='bbox 261 3929 369 3956; x_wconf 85' lang='lat' dir='ltr'>num.</span> <span class='ocrx_word' id='word_1_381' title='bbox 395 3921 453 3957; x_wconf 84' lang='lat'>10.</span> <span class='ocrx_word' id='word_1_382' title='bbox 478 3919 521 3958; x_wconf 85' lang='lat' dir='ltr'>in</span> <span class='ocrx_word' id='word_1_383' title='bbox 542 3920 822 3960; x_wconf 82' lang='lat' dir='ltr'>Dissertatione</span> <span class='ocrx_word' id='word_1_384' title='bbox 841 3922 984 3960; x_wconf 73' lang='lat' dir='ltr'>clariss·</span> <span class='ocrx_word' id='word_1_385' title='bbox 1002 3923 1099 3961; x_wconf 48' lang='lat' dir='ltr'>Ber„</span> <span class='ocrx_word' id='word_1_386' title='bbox 1157 3924 1408 3964; x_wconf 80' lang='lat' dir='ltr'>Maclaurini.</span> 
     </span>
    </p>
   </div>
   <div class='ocr_carea' id='block_1_8' title="bbox 1081 3994 1171 4033">
    <p class='ocr_par' dir='ltr' id='par_1_10' title="bbox 1081 3994 1171 4033">
     <span class='ocr_line' id='line_1_38' title="bbox 1081 3994 1171 4033; baseline 0 0"><span class='ocrx_word' id='word_1_387' title='bbox 1081 3994 1171 4033; x_wconf 82' lang='lat' dir='ltr'>H2</span> 
     </span>
    </p>
   </div>
  </div>
 </body>
</html>
