2540 4296
260 312 363 359 152
760 298 1331 355 PHILOSOPHIAE
1371 298 1823 355 NATURALIS
1885 303 2004 367 [DE
2026 302 2230 355 MUND.
2257 306 2409 356 Srs‘r.

332 447 535 501 Eadem
559 446 824 508 methodo,
864 443 965 514 qua
992 453 1186 513 puncta
1224 444 1289 505 E,
1320 444 1388 505 A,
1421 443 1482 505 C,
1515 444 1584 506 G,
1626 463 1692 496 ex
1725 454 1987 513 assumpto
2020 457 2216 514 puncto
2257 446 2304 497 B
2330 446 2409 495 in-

254 547 412 590 venta
437 546 572 599 sunt,
600 534 928 585 invenientur
954 550 1022 583 ex
1046 531 1318 600 assumptis
1345 541 1606 601 utcunque
1647 534 1852 601 punctis
1878 534 1989 586 aliis
2013 534 2049 585 b
2074 545 2124 586 et
2159 538 2194 597 β
2216 546 2410 603 puncta

252 643 392 678 nova
417 644 461 687 e,
490 643 536 686 a,
566 642 610 685 c,
638 642 673 693 g
699 632 751 673 et
776 642 810 684 ε,
838 642 885 683 α,
915 641 958 683 κ,
985 642 1032 687 7.
1104 618 1314 672 Deinde
1341 619 1384 670 si
1407 638 1504 687 per
1531 620 1599 684 G,
1621 640 1672 691 g,
1700 644 1733 688 γ
1756 621 1975 673 ducatur
2000 623 2409 676 circumferentia

254 714 434 767 circuli
472 713 526 765 G
563 732 599 783 g
634 734 683 778 γ,
726 729 903 762 secans
940 719 1136 761 rectam
1172 732 1199 759 τ
1227 710 1272 761 C
1310 709 1365 759 in
1405 709 1477 761 Z:
1518 712 1616 763 erit
1654 713 1697 764 Z
1733 713 1877 765 locus
1914 724 2129 766 cometae
2162 714 2216 766 in
2248 717 2408 785 plano

252 803 523 872 eclipticas.
599 800 671 852 Et
696 800 740 851 si
765 799 819 850 in
847 800 898 851 A
926 799 988 862 C,
1017 818 1047 850 a
1072 794 1116 861 c,
1146 820 1177 847 α
1203 817 1229 847 κ
1255 797 1525 866 capiantur
1550 800 1603 851 A
1631 800 1692 863 F,
1719 821 1751 852 a
1773 801 1809 865 f,
1845 825 1877 852 α
1907 819 1937 868 φ
1961 803 2086 871 ipsis
2116 803 2161 855 C
2189 804 2258 867 G,
2300 824 2327 856 c
2352 824 2405 875 g,

250 915 280 943 κ
305 915 339 961 7
364 889 649 961 respective
686 888 928 958 aequales,
969 897 1020 939 et
1054 905 1150 956 per
1185 895 1381 955 puncta
1420 886 1481 950 F,
1507 886 1542 950 f,
1572 904 1602 953 φ
1627 888 1845 941 ducatur
1870 891 2282 943 circumferentia
2307 893 2407 944 cir-

251 983 357 1035 culi
384 983 429 1034 F
454 980 482 1031 f
500 998 546 1047 φ,
575 997 753 1030 secans
779 987 973 1029 rectam
999 976 1051 1027 A
1076 975 1129 1027 T
1152 975 1208 1025 in
1235 974 1326 1036 X;
1366 974 1463 1025 erit
1498 986 1751 1043 punctum
1785 978 1843 1029 X
1868 979 1997 1030 alius
2023 990 2238 1032 cometae
2262 981 2407 1033 locus

248 1073 308 1123 in
344 1072 504 1141 plano
542 1069 811 1137 eclipticae.
888 1067 977 1119 Ad
1012 1074 1208 1135 puncta
1233 1065 1292 1117 X
1317 1073 1370 1116 et
1398 1065 1441 1116 Z
1467 1065 1732 1137 erigantur
1768 1078 2037 1140 tangentes
2073 1071 2406 1124 latitudinum

252 1170 472 1214 cometae
510 1159 577 1210 ad
614 1157 788 1209 radios
826 1157 878 1208 T
917 1156 972 1207 X
1011 1165 1065 1207 et
1089 1177 1115 1205 τ
1141 1156 1200 1217 Ζ,
1240 1164 1291 1206 et
1326 1153 1658 1208 habebuntur
1692 1158 1808 1210 loca
1831 1159 1937 1212 duo
1962 1171 2176 1213 cometae
2200 1163 2255 1213 in
2280 1165 2408 1215 orbe

251 1252 481 1323 proprio.
535 1249 782 1319 Denique
808 1252 924 1318 (per
953 1248 1111 1315 Prop.
1140 1246 1305 1299 XIX.
1335 1246 1454 1298 Lib.
1482 1248 1549 1313 I.)
1577 1249 1822 1302 umbilico
1852 1251 1905 1314 S,
1931 1269 2027 1320 per
2049 1253 2165 1305 loca
2187 1255 2275 1306 illa
2299 1256 2406 1307 duo

252 1344 575 1397 describatur
598 1340 864 1411 parabola,
892 1350 944 1392 et
966 1339 1082 1391 haec
1108 1338 1205 1390 erit
1229 1339 1519 1408 trajectoria
1545 1353 1776 1394 cometae.
1852 1344 1922 1407 Q.
1951 1364 1994 1397 e.
2022 1346 2056 1397 i.

325 1433 392 1502 (¹)
442 1429 853 1484 Constructionis
895 1428 1049 1498 hujus
1098 1426 1471 1480 demonstratio
1519 1448 1586 1481 ex
1635 1431 1991 1485 Lemmatibus
2042 1437 2404 1507 consequitur]

251 1525 445 1596 quippe
483 1521 604 1575 cum
639 1530 782 1574 recta
818 1520 871 1573 A
897 1520 943 1572 C
981 1528 1182 1572 secetur
1216 1518 1274 1570 in
1311 1518 1361 1570 E
1396 1518 1452 1571 in
1484 1520 1684 1574 ratione
1716 1532 2027 1593 temporum,
2063 1543 2158 1595 per
2183 1527 2405 1582 Lemma
2470 1578 2473 1579 γ
2512 1501 2520 1550 ’ἶ

249 1692 343 1724 ΒΠΠῒ
377 1691 524 1734 puncta
553 1684 606 1729 Ε,
640 1683 692 1729 A
730 1683 776 1728 Cs
812 1681 864 1729 G
898 1694 944 1719 ΘΧ
982 1679 1186 1730 assumptis
1214 1679 1299 1718 affiS
1351 1686 1483 1728 locum
1506 1689 1556 1735 B,
1577 1702 1658 1729 esse
1675 1685 1882 1740 vestigium
1902 1694 2063 1727 cometae
2081 1688 2122 1726 in
2141 1687 2405 1728 observatione

250 1739 407 1788 punctis
425 1740 501 1776 bet
513 1742 551 1784 β,
570 1737 816 1773 “Nemantur
834 1747 934 1773 nova
952 1742 1097 1782 punct&
1115 1748 1148 1780 e,
1159 1748 1192 1779 a,
1209 1747 1241 1779 C
1259 1748 1299 1785 g
1355 1742 1524 1781 secunda
1555 1745 1587 1781 si
1623 1752 1768 1793 puncta
1806 1744 1860 1789 N,
1896 1742 1942 1788 P,
1975 1742 2203 1789 coincidant‚
2233 1742 2405 1793 itemque

250 1801 290 1830 et
310 1808 338 1838 ὅ)
359 1809 397 1838 a,
418 1809 454 1835 ⁷0
476 1809 516 1840 '7-
579 1789 699 1834 QUOd
724 1802 756 1826 Sl
784 1788 989 1838 longltUdO
1016 1788 1122 1837 prius
1148 1797 1304 1826 mvema
1357 1799 1395 1834 A
1416 1805 1453 1834 et
1475 1796 1532 1834 F·
1520 1826 1533 1843 ‚
1554 1810 1672 1846 quare
1687 1798 1718 1835 si
1736 1796 1892 1847 reliquis
1910 1797 2168 1842 manentibus,
2185 1796 2405 1834 coincidant

251 1846 303 1884 M
327 1846 373 1890 P,
403 1856 532 1881 mmor
558 1843 677 1881 fu‘fflt
703 1854 822 1892 quam
853 1842 901 1879 Μ
926 1842 978 1882 N·
1009 1849 1078 1878 aut
1099 1842 1136 1878 A
1162 1842 1212 1886 G,
1241 1841 1303 1879 Vel
1353 1857 1496 1898 puncta
1519 1851 1563 1895 C,
1586 1851 1636 1895 G,
1654 1852 1726 1889 erit
1746 1852 1793 1897 C,
1813 1849 2018 1899 vestigium
2038 1857 2197 1887 cometae
2215 1850 2255 1886 in
2274 1851 2404 1887 obser-

255 1900 290 1937 C
332 1872 378 1945 F',
427 1905 619 1959 punctum
663 1897 701 1942 b,
760 1894 994 1932 sumendum
1031 1894 1103 1932 ent
1145 1906 1304 1959 PYOP¹J¹S
1355 1904 1504 1941 vatione
1531 1902 1644 1943 tertia
1713 1879 1897 1942 Sirriiliter
1916 1902 2222 1941 coincidentibus
2248 1902 2402 1951 punctis

250 1959 399 2002 punem
420 1953 469 1995 Y
491 1964 532 1987 ¹¹¹
551 1963 629 2000 ‘1¹¹0
651 1949 684 1988 C
706 1966 731 1988 ⁴⁷
748 1956 788 1988 et
810 1948 849 1985 A
871 1948 907 1985 T
926 1954 1173 1993 concursum,
1194 1955 1233 1985 et
1250 1946 1305 1984 ¹123»
1356 1957 1409 2001 A,
1435 1957 1479 2002 F,
1500 1957 1573 1995 erit
1596 1959 1646 2005 A,
1675 1958 1882 2009 vestigium
1902 1964 2060 1994 cometae
2080 1956 2120 1992 in
2139 1956 2402 1994 observatione

250 2018 380 2055 P0¹‘¹‘02
409 2003 463 2041 1ῖᾶ
489 2011 535 2042 Ut
561 2005 697 2040 saltem
724 2019 749 2040 a
778 2018 817 2050 ‘7
847 2013 974 2038 mmor
992 2000 1058 2038 fiat
1077 2013 1241 2050 quamoe
1260 2017 1298 2038 κ·
1352 1985 1491 2058 prima·
1567 2012 1627 2050 Ut
1662 2020 1794 2050 autem
1835 2018 1980 2059 puncta
2015 2009 2083 2047 illa
2127 2008 2399 2055 coinciderent‚

253 2059 335 2099 Per
364 2064 510 2108 puncta
530 2057 596 2104 G,
627 2069 667 2108 g,
700 2072 741 2107 Ὺ»
770 2054 1007 2094 describatur
1034 2053 1203 2092 ‘memus
1232 2065 1302 2105 ‘11¹¹
1351 2063 1552 2104 traductus
1579 2072 1636 2103 est
1661 2065 1829 2104 circulus
1854 2064 2041 2103 transiens
2067 2075 2136 2111 per
2163 2061 2234 2100 tria
2256 2071 2401 2111 puncta

1358 2117 1408 2161 G,
1430 2131 1470 2168 g,
1492 2136 1532 2168 ry,
1553 2127 1697 2156 rectam
1716 2136 1741 2157 ιι-
1763 2120 1808 2164 C,
1830 2130 1962 2155 secans
1980 2117 2021 2154 in
2043 2116 2089 2153 Ζ
2149 2114 2253 2154 Cum
2281 2114 2401 2165 igitur

1352 2178 1545 2219 punctum
1568 2172 1612 2217 Z,
1628 2173 1765 2210 sittarn
1784 2172 1827 2209 in
1830 2163 1931 2208 loco
1944 2176 2177 2218 punctorum
2196 2169 2242 2215 C,
2258 2180 2400 2217 nempe

1350 2222 1457 2262 recta
1475 2242 1500 2263 τ
1523 2224 1567 2270 C,
1597 2238 1713 2275 quam
1740 2225 1781 2262 in
1808 2224 1895 2262 loco
1920 2230 2156 2272 punctorum
2182 2222 2232 2268 G,
2259 2234 2400 2269 nempe

1351 2276 1508 2323 circulo,
1546 2277 1703 2327 quando
1739 2285 1930 2326 punctum
1969 2277 2001 2313 C
2046 2274 2235 2323 reperitur
2270 2275 2312 2311 in
2351 2276 2398 2319 Z,

1350 2339 1544 2377 punctum
1570 2332 1608 2369 G
1635 2331 1677 2368 in
1703 2331 1773 2368 illo
1799 2331 1916 2369 etiam
1941 2327 2164 2377 reperietur,
2193 2328 2234 2365 id
2261 2335 2330 2372 est,
2356 2328 2411 2373 in,

1349 2382 1424 2420 isto
1442 2396 1533 2422 casu
1551 2384 1770 2423 coincident
1786 2389 1931 2433 puncta
1953 2382 1998 2429 C,
2017 2382 2066 2427 G,
2087 2378 2254 2431 ideoque
2271 2394 2398 2430 punc-

1349 2443 1435 2473 tum
1471 2438 1503 2474 Z
1533 2445 1590 2475 est
1616 2451 1751 2476 verum
1780 2443 1941 2475 cometae
1966 2434 2172 2485 vestigium
2209 2434 2250 2471 in
2281 2434 2399 2483 plano

1348 2490 1538 2538 eclipticae
1563 2490 1605 2528 in
1632 2491 1895 2529 observatione
1911 2486 2038 2534 tertia,
2065 2487 2157 2525 huic
2182 2488 2286 2526 enim
2305 2500 2401 2525 con-

1348 2543 1511 2582 veniunt
1530 2556 1665 2582 omnes
1683 2543 1923 2582 conditiones
1947 2541 2152 2592 requisitae.
2214 2540 2399 2579 Similiter

1350 2598 1400 2634 ob
1437 2596 1587 2635 easdem
1626 2597 1803 2643 rationes,
1849 2603 2040 2647 punctum
2088 2595 2132 2633 X
2168 2602 2226 2632 est
2262 2607 2398 2632 verum

1350 2660 1511 2688 cometae
1530 2650 1735 2701 vestigium
1755 2651 1796 2688 in
1812 2648 2073 2689 observatione
2091 2647 2229 2698 prima.
2265 2647 2398 2691 Quare

1349 2702 1382 2740 si
1402 2716 1447 2740 ex
1467 2711 1613 2752 puncto
1633 2706 1679 2751 Z,
1705 2705 1753 2742 ad
1771 2704 1935 2753 planum
1953 2702 2137 2751 eclipticae
2156 2700 2318 2739 excitata
2336 2701 2397 2738 in-

1349 2755 1553 2807 telligatur
1569 2732 1753 2795 normalis
1774 2759 1806 2795 Z
1830 2758 1869 2795 R
1887 2755 2044 2820 aequalis
2062 2754 2237 2805 tangenti
2264 2754 2396 2791 latitu-

1350 2808 1450 2847 dinis
1469 2817 1571 2848 notae
1589 2811 1630 2848 in
1648 2808 1909 2849 observatione
1925 2806 2040 2847 tertia
2057 2807 2106 2846 ad
2123 2807 2275 2845 radium
2302 2824 2326 2844 τ
2346 2808 2395 2854 Ζ,

1349 2862 1422 2899 erit
1445 2864 1483 2901 R
1501 2864 1610 2901 locus
1628 2876 1740 2902 verus
1758 2871 1919 2903 cometae
1938 2863 1979 2900 in
1998 2863 2088 2899 orbe
2106 2860 2272 2910 proprio.
2335 2861 2394 2898 Si-

1348 2915 1491 2954 militer
1508 2916 1557 2954 ad
1577 2917 1736 2965 planum
1755 2917 1941 2965 eclipticae
1954 2914 2124 2965 erigatur
2142 2913 2397 2963 perpendicu-

1348 2967 1438 3007 laris
1463 2971 1505 3007 X
1528 2970 1576 3014 Y,
1607 2970 1765 3020 aequalis
1782 2970 1956 3021 tangenti
1975 2967 2219 3008 latitudinis
2208 2980 2249 3004 m
2268 2969 2395 3005 obser-

1347 3023 1500 3060 vatione
1519 3021 1643 3071 prima
1661 3023 1709 3061 ad
1727 3023 1880 3061 radium
1901 3024 1938 3062 Τ
1959 3023 2014 3067 Χ,
2042 3028 2233 3070 punctum
2255 3021 2304 3066 Y,
2325 3019 2398 3058 erit

1349 3077 1445 3114 alter
1463 3084 1622 3114 cometae
1641 3077 1778 3115 locus'
1767 3090 1808 3114 m
1827 3079 1919 3116 orbe
1936 3075 2102 3125 proprio.
2157 3072 2289 3119 Quare
2310 3076 2397 3125 (per

1350 3129 1478 3179 Prop.1
1497 3130 1625 3167 XIX.
1652 3130 1740 3168 Lib.
1767 3129 1826 3179 Ι.)
1848 3129 2033 3168 umbilico
2055 3130 2093 3175 S,
2120 3140 2188 3176 per
2205 3127 2290 3164 loca
2306 3128 2398 3165 bina

1353 3184 1406 3228 R,
1427 3196 1455 3228 r,
1490 3182 1726 3221 describatur
1757 3183 1948 3233 parabola,
1978 3183 2062 3219 haec
2086 3181 2158 3219 erit
2181 3179 2397 3232 trajectoria

1349 3244 1521 3275 cometae.
1586 3236 1692 3281 Quia
1709 3237 1799 3275 vero
1817 3235 2006 3286 parabolae
2023 3248 2092 3285 per
2117 3242 2262 3295 puncta
2287 3234 2342 3278 ·R,
2362 3246 2395 3280 r,

1352 3298 1392 3329 et
1426 3289 1612 3328 umbilico
1652 3292 1690 3336 S,
1725 3290 1924 3339 descriptae
1960 3288 2104 3337 duplex
2140 3287 2279 3337 positio
2315 3299 2398 3324 esse

1348 3350 1475 3393 potest
1496 3345 1559 3394 (ut
1576 3351 1680 3392 patet
1697 3356 1746 3381 ex
1764 3352 1903 3381 constr.
1929 3342 2046 3390 Prop.
2072 3341 2203 3379 XIX.
2226 3340 2315 3378 Lib.
2337 3340 2372 3378 1.
2378 3339 2395 3390 )

1351 3410 1399 3435 ex
1418 3396 1555 3435 eodem
1574 3397 1758 3436 umbilico
1781 3397 1820 3443 S,
1841 3404 1879 3434 et
1898 3396 1999 3434 binis
2016 3394 2171 3444 punctis
2193 3395 2245 3440 R,
2260 3407 2291 3440 r,
2307 3393 2397 3431 duae

1349 3449 1512 3489 describi
1529 3458 1711 3499 poterunt
1730 3450 1943 3498 parabolae3
1964 3456 2051 3490 utra
2069 3456 2199 3487 autem
2218 3460 2288 3496 pro
2305 3448 2398 3485 orbe

1353 3510 1513 3542 cometae
1539 3503 1728 3542 sumenda
1755 3503 1804 3541 sit
1831 3516 1878 3541 ex
1906 3501 1983 3541 alia
2000 3502 2133 3552 quavis
2151 3508 2310 3539 cometae
2328 3501 2397 3538 ob-

1349 3558 1561 3596 servatione
1579 3557 1827 3595 manifestum
1845 3556 1928 3594 erit.
1989 3556 2093 3595 Nam
2112 3556 2222 3593 locus
2239 3560 2398 3591 cometae

252 3475 397 3507 rectam
426 3486 450 3507 er
473 3468 519 3515 C,
548 3469 691 3507 secabit
716 3469 817 3507 inter
839 3469 877 3508 G
897 3477 934 3507 et
954 3487 990 3516 κ,
1019 3469 1116 3519 puta
1132 3470 1172 3507 in
1195 3470 1238 3516 Z,
1268 3469 1300 3506 si

251 3530 398 3572 puncta
424 3535 525 3559 nova
550 3524 588 3569 b,
608 3527 646 3569 β,
676 3530 831 3571 sumpta
847 3523 1001 3566 fuerint,
1031 3532 1077 3561 ut
1099 3524 1180 3573 jam
1200 3522 1300 3561 dixi-

251 3588 353 3619 mus·
416 3576 600 3614 Similiter
618 3588 686 3625 per
703 3583 848 3624 puncta.
878 3577 922 3619 F,
943 3577 972 3623 f,
1000 3585 1038 3626 φ,
1067 3576 1302 3615 describatur

254 3628 424 3666 circulus
456 3636 599 3666 rectam
633 3630 670 3667 T
702 3631 737 3667 A
771 3629 1004 3667 intersecans
1035 3630 1076 3666 in
1105 3630 1160 3675 X,
1187 3636 1301 3667 erunt

253 3689 400 3729 puncta
419 3682 465 3729 Z,
482 3683 537 3728 X,
554 3683 638 3720 loca
657 3690 818 3719 cometae
832 3683 881 3720 ad
900 3682 1114 3731 eclipticam
1128 3683 1298 3728 reducta,

253 3734 332 3771 sive
363 3744 525 3773 cometae
553 3735 712 3785 vestigia
741 3735 781 3772 in
810 3737 1074 3773 observatione
1105 3733 1232 3784 prima
1263 3743 1302 3773 et

253 3785 377 3829 tertia,
398 3788 429 3824 si
451 3789 487 3826 B
503 3788 552 3826 sit
570 3788 741 3839 ejusdem
762 3789 967 3837 vestigium
985 3788 1027 3825 in
1042 3788 1303 3827 observatione

253 3838 438 3879 secunda.
498 3841 611 3878 Idem
639 3841 815 3879 similiter
839 3841 987 3879 obtinet
1012 3841 1053 3878 in
1080 3854 1116 3888 a,
1140 3854 1174 3887 c,
1200 3848 1239 3879 et
1262 3843 1301 3887 b,

253 3892 346 3932 item
367 3893 407 3931 in
427 3910 465 3942 a,
486 3910 524 3941 κ,
544 3902 583 3932 et
605 3898 644 3941 β.
703 3894 797 3934 Jam
815 3892 905 3933 vero
924 3894 1228 3933 demonstratum
1247 3900 1305 3932 est

1349 3611 1418 3660 qui
1436 3624 1484 3648 ex
1503 3609 1622 3648 altera
1636 3611 1774 3649 harum
1792 3609 2061 3659 parabolarum
2076 3608 2293 3658 colligetur,
2307 3618 2399 3644 cum

1350 3666 1549 3701 observato
1574 3664 1662 3702 loco
1688 3663 1901 3709 conveniet,
1931 3663 2039 3700 locus
2057 3669 2188 3700 autem
2207 3672 2253 3698 ex
2279 3657 2400 3696 alteia

1330 3734 1338 3741 ⁶
1351 3715 1535 3765 parabola
1567 3716 1758 3755 deductus
1792 3728 2038 3767 nequaquam
2072 3712 2400 3752 observationibus

1350 3777 1553 3821 congruet.

1409 3840 1470 3891 (¹)
1493 3845 1514 3865 '⁸
1535 3842 1831 3880 constructionis
1849 3838 1967 3892 hujus
1985 3838 2259 3878 demonstratio.
2321 3835 2407 3874 Pa..

1352 3900 1409 3932 tet
1426 3906 1472 3931 ex
1492 3894 1594 3932 notis
1612 3893 1773 3942 praeced.
