2540 4296
328 284 392 329 14·
790 275 1353 328 PHILOSOPHIAE
1394 276 1842 329 NATURALIS
1915 277 2033 340 [DE
2063 275 2264 327 Mum).
2299 275 2451 326 Svsr.

324 416 653 467 inveniuntur
678 416 943 484 *capiendo
978 428 1228 485 punctum
1266 419 1482 487 quodvis
1523 420 1567 470 P
1603 420 1657 469 in
1683 419 1864 487 ellipsi,
1907 418 2047 487 quod
2088 418 2260 469 locum
2287 416 2454 468 Lunae

323 514 673 573 repraesentet,
715 514 767 555 et
802 504 1040 556 ducendo
1079 506 1129 556 T
1163 524 1198 573 p
1237 506 1489 575 aequalem
1527 507 1578 558 T
1606 507 1667 569 P,
1708 505 1768 558 ea
1805 507 1919 576 lege
1947 515 2003 556 ut
2026 505 2244 575 angulus
2272 505 2318 556 P
2344 504 2396 558 T
2416 522 2454 574 p

324 594 534 664 aequalis
562 594 626 643 sit
650 593 813 643 motui
838 593 1107 661 apparenti
1136 594 1269 646 Solis
1296 613 1327 644 a
1351 603 1583 662 tempore
1610 595 1771 665 quad-

322 695 511 736 raturae
534 684 579 735 C
600 683 854 745 confect03
876 683 955 735 vel
977 684 1139 753 (quod
1162 684 1214 752 (¹)
1237 685 1419 736 eodem
1439 684 1544 736 fere
1565 686 1765 750 recidit)
2080 698 2152 750 „acy

323 785 380 827 ut
405 775 622 845 angulus
645 774 689 826 C
708 775 759 826 T
783 793 818 844 p
846 775 910 826 sit
936 775 1003 826 ad
1028 776 1275 846 angulum
1295 775 1339 826 C
1356 776 1408 827 T
1426 776 1470 827 P
1489 785 1546 827 ut
1564 786 1765 845 tempus
2134 769 2140 780 ¹

323 863 655 916 revolutionis
695 863 954 932 synodicae
991 864 1184 915 lunaris
1222 864 1288 915 ad
1324 873 1526 933 tempus
1564 866 1766 917 revolu-

322 955 474 1006 tionis
499 954 776 1022 periodicae
812 974 902 1007 seu
940 957 1046 1008 29⁶.
1078 955 1180 1007 12¹².
1209 957 1310 1018 442
1338 955 1404 1005 ad
1431 954 1537 1009 27d.
1567 953 1636 1009 7¹¹.
1663 955 1765 1006 43².

326 1043 573 1112 Capiatur
610 1044 765 1114 igitur
803 1045 1021 1116 angulus
1058 1045 1102 1096 C
1130 1045 1181 1096 T
1206 1064 1237 1095 a
1272 1045 1326 1094 in
1363 1043 1543 1095 eadem
1567 1043 1765 1095 ratione

321 1134 387 1184 ad
414 1135 659 1205 angulum
687 1145 885 1187 rectum
915 1136 958 1187 C
987 1136 1037 1187 T
1063 1136 1146 1196 A3
1184 1148 1237 1186 et
1266 1135 1330 1185 sit
1354 1133 1623 1205 longitudo
1661 1133 1714 1185 T
1736 1152 1767 1184 a

322 1224 532 1292 aequalis
558 1223 871 1294 longitudini
897 1225 947 1276 T
975 1225 1054 1285 A;
1093 1234 1144 1274 et
1168 1224 1264 1274 erit
1289 1243 1319 1273 a
1344 1224 1478 1291 apsis
1514 1223 1619 1273 ima
1643 1231 1694 1274 et
1721 1222 1766 1274 C

324 1315 459 1381 apsis
486 1333 686 1365 summa
711 1314 849 1365 orbis
886 1313 1038 1381 hujus
1068 1314 1112 1365 C
1136 1331 1172 1381 p
1197 1332 1242 1363 a.
1321 1311 1567 1366 Rationes
1594 1319 1763 1361 autem

322 1399 550 1454 ineundo
575 1400 782 1450 invenio
808 1399 948 1468 quod
973 1399 1261 1450 differentia
1284 1399 1418 1450 inter
1444 1407 1768 1449 curvaturam

323 1489 461 1540 orbis
504 1489 547 1539 C
585 1507 621 1556 p
659 1507 690 1539 a
728 1488 779 1538 in
818 1487 1007 1539 vertice
1046 1507 1091 1549 a,
1132 1497 1184 1538 et
1220 1497 1545 1538 curvaturam
1587 1486 1768 1540 circuli

323 1585 500 1627 centro
540 1576 591 1627 T
626 1575 897 1627 intervallo
925 1575 975 1626 T
1002 1576 1051 1626 A
1090 1575 1353 1644 descripti,
1395 1574 1460 1625 sit
1495 1574 1563 1626 ad
1600 1574 1773 1626 differ-

325 1664 512 1715 entiam
553 1663 688 1714 inter
725 1673 1051 1714 curvaturam
1090 1663 1327 1731 ellipseos
1365 1663 1420 1714 in
1456 1663 1646 1714 vertice
1685 1664 1736 1715 A
1774 1673 1826 1716 et
1863 1672 2185 1718 curvaturam
2227 1665 2454 1736 ejusdem

323 1751 516 1815 circuli,
565 1752 642 1820 (¹¹¹)
689 1752 743 1802 in
783 1751 1040 1820 duplicata
1082 1752 1278 1803 ratione
1323 1752 1498 1823 anguli
1541 1752 1586 1802 C
1628 1752 1680 1804 T
1722 1753 1767 1805 P
1810 1753 1878 1806 ad
1920 1753 2168 1825 angulum
2214 1754 2260 1807 C
2300 1754 2352 1806 T
2388 1773 2454 1824 p;

323 1912 451 1951 minor
468 1911 587 1961 hujus
605 1909 780 1959 ellipseos
798 1910 848 1949 ad
870 1911 999 1949 Solem
1030 1910 1214 1960 perpetuo
1233 1911 1366 1963 dirigi-
1418 1910 1608 1961 angulum
1646 1911 1678 1950 C
1701 1912 1737 1949 T
1755 1925 1791 1960 p,
1826 1910 2016 1960 ducantur
2044 1911 2141 1950 radii
2172 1912 2209 1950 T
2231 1913 2282 1958 R,
2315 1913 2351 1951 T
2369 1925 2388 1950 r
2419 1920 2456 1951 et

329 1973 406 2011 tur,
426 1963 591 2014 ideoque
609 1963 746 2001 eodem
773 1971 885 2002 motu
903 1977 981 2014 quo
1002 1964 1069 2002 Sol
1087 1965 1187 2002 circa
1207 1966 1366 2002 Terram
1419 1964 1682 2013 producantur
1698 1964 1753 2002 ita
1770 1971 1815 2002 ut
1831 1965 2079 2016 tangentibus
2105 1965 2147 2002 in
2170 1968 2206 2002 A
2235 1974 2273 2003 et
2292 1978 2314 2002 a
2332 1965 2457 2004 ductis

325 2017 547 2063 revolvitur,
577 2016 659 2054 axis
684 2016 756 2055 iste
782 2016 860 2055 sive
885 2017 1048 2066 planum
1066 2018 1241 2066 ellipseos
1265 2018 1366 2055 circa
1418 2026 1621 2055 occurrant
1647 2017 1688 2055 in
1718 2019 1765 2055 M
1786 2025 1824 2055 et
1841 2031 1894 2064 m,
1925 2026 2126 2056 occurrant
2153 2016 2243 2055 vero
2261 2018 2383 2066 ellipsi
2415 2020 2456 2056 in

327 2072 490 2110 Terram
507 2069 643 2107 fertur.
1420 2070 1475 2115 N,
1495 2077 1535 2107 et
1552 2081 1680 2107 curvae
1703 2071 1734 2109 C
1754 2083 1780 2119 p
1799 2084 1822 2108 a
1839 2070 1880 2107 in
1899 2083 1926 2107 n
1942 2085 1954 2117 ;
1984 2071 2055 2108 erit
2076 2071 2116 2108 N
2139 2072 2178 2108 R
2195 2087 2253 2108 =
2274 2084 2299 2107 n
2318 2084 2348 2117 r,
2367 2072 2456 2122 quia

381 2123 431 2176 (¹)
467 2126 489 2148 ¹*
530 2125 639 2167 Quod
670 2125 796 2161 eodem
813 2121 906 2176 fir?-
931 2125 1061 2163 recidit
1075 2140 1089 2162 .-
1120 2122 1211 2174 quia
1239 2123 1366 2171 Lunae
1419 2135 1467 2160 ex
1499 2122 1781 2161 constructione
1801 2124 1838 2161 T
1855 2136 1882 2160 n
1901 2123 2066 2161 sumitur
2097 2124 2254 2174 aequalis
2275 2125 2312 2162 T
2333 2125 2385 2164 N.
2420 2133 2457 2161 et

1344 3387 1396 3423 Β

328 3529 458 3561 motus
483 3523 636 3563 medius
653 3527 701 3564 ab
718 3524 839 3575 ipsius
856 3533 966 3564 motu
985 3539 1074 3565 vero
1092 3539 1172 3567 non
1199 3524 1369 3566 multum
1421 3528 1518 3566 radii
1552 3528 1588 3567 T
1619 3529 1669 3573 R,
1701 3528 1738 3567 T
1763 3541 1783 3565 r
1811 3536 1901 3566 sunt
1929 3528 2094 3579 aequales
2106 3543 2119 3574 ;
2147 3523 2457 3566 evanescentibus

329 3575 529 3625 discrepat.
1422 3589 1551 3620 autem
1570 3583 1734 3619 arcubus
1751 3594 1771 3618 r
1788 3595 1811 3619 a
1829 3589 1867 3620 et
1889 3582 1928 3619 R
1951 3584 1987 3619 A
2008 3587 2209 3619 curvatura
2226 3577 2326 3616 orbis
2347 3577 2380 3616 C
2395 3589 2419 3625 p
2433 3589 2457 3614 a

384 3627 451 3679 (¹¹²)
482 3634 504 3654 '⁵
525 3632 578 3669 In
603 3631 798 3683 duplicata
825 3634 970 3672 ratione
996 3636 1129 3682 anguli
1149 3636 1182 3673 C
1203 3636 1240 3672 T
1257 3635 1292 3671 P
1320 3636 1370 3671 ad
1421 3634 1464 3671 in
1490 3648 1514 3672 a
1540 3635 1610 3672 erit
1636 3634 1684 3671 ad
1712 3641 1953 3672 curvaturam
1972 3633 2103 3672 circuli
2130 3631 2235 3669 radio
2265 3631 2300 3669 T
2322 3629 2360 3667 A
2389 3628 2454 3666 de-

328 3685 517 3731 angulum
540 3687 571 3722 C
592 3685 631 3721 Τ
638 3698 680 3734 p.
738 3687 880 3725 Centro
902 3688 937 3724 T
954 3685 1155 3724 intervallo
1177 3687 1213 3724 T
1235 3686 1271 3724 A
1301 3686 1366 3723 de-
1420 3687 1560 3735 scripti,
1590 3694 1637 3724 ut
1660 3700 1701 3723 m
1720 3700 1747 3723 n
1766 3687 1814 3724 ad
1833 3699 1872 3724 m
1892 3700 1923 3734 r,
1951 3694 1990 3725 et
2014 3686 2102 3723 ideo
2120 3683 2333 3722 differentia
2358 3682 2458 3741 inter

329 3735 516 3773 scribatur
532 3735 667 3775 circuli
684 3750 795 3776 arcus
829 3740 867 3777 A
892 3740 931 3778 R
949 3751 973 3775 a
990 3751 1020 3784 r,
1055 3738 1105 3776 sit
1132 3752 1242 3777 arcus
1265 3739 1301 3778 A
1329 3740 1367 3777 R
1421 3747 1666 3778 curvaturam
1679 3740 1781 3778 orbis
1799 3741 1831 3779 C
1846 3753 1872 3789 p
1885 3754 1909 3778 a
1926 3740 1967 3777 in
1980 3752 2003 3777 a
2022 3745 2060 3776 et
2072 3745 2313 3776 curvaturam
2323 3734 2454 3774 circuh

331 3785 379 3823 ad
399 3800 531 3826 arcum
558 3800 620 3825 ar
645 3789 684 3828 in
704 3792 853 3829 ratione
877 3790 970 3831 data
987 3791 1121 3842 anguli
1144 3792 1176 3831 C
1199 3792 1236 3830 T
1257 3791 1293 3830 P
1319 3791 1368 3829 ad
1420 3792 1527 3831 radio
1548 3791 1584 3831 T
1605 3793 1643 3831 A
1672 3792 1849 3842 descripti
1876 3800 1934 3831 est
1957 3791 2008 3830 ad
2026 3797 2266 3830 curvaturam
2285 3787 2457 3840 ejusdem
