2540 4296
251 272 352 318 184
758 262 1331 317 PHILOSOPHIAE
1373 263 1829 316 NATURALIS
1886 265 2005 329 [DE
2024 264 2226 316 Mum).
2254 265 2410 317 SYs'r.

249 413 450 455 motum
492 403 641 454 illum
682 403 852 470 capita
896 421 1105 470 semper
1145 403 1531 454 comitabuntur
1574 414 1626 454 et
1661 404 1721 453 iis
1756 403 2018 456 liberrime
2054 405 2411 457 adhaerebunt.

255 493 501 545 Gravitas
528 493 666 544 enim
691 510 947 560 vaporum
972 492 1028 541 in
1057 491 1233 543 Solem
1258 510 1365 542 non
1390 492 1555 561 magis
1582 493 1767 543 efficiet
1791 502 1850 543 ut
1875 493 2053 544 caudae
2077 504 2257 561 postea
2276 493 2415 545 deci-

251 583 381 634 dant
418 603 448 634 a
485 581 741 648 capitibus
784 580 959 632 Solem
984 598 1180 643 versus,
1221 579 1378 650 quam
1407 580 1631 650 gravitas
1659 582 1887 649 capitum
1913 581 2113 633 efficere
2137 583 2316 650 possit,
2356 591 2416 633 ut

248 671 366 722 haec
404 669 647 721 decidant
683 688 714 718 a
751 668 946 719 caudis.
1026 668 1309 720 Communi
1341 667 1595 738 gravitate
1620 669 1702 719 vel
1737 669 1890 721 simul
1924 670 1978 719 in
2008 669 2184 721 Solem
2210 670 2412 734 cadent,

250 761 334 813 vel
361 758 514 811 simul
539 758 594 808 in
621 775 839 808 ascensu
866 775 960 808 suo
985 756 1391 808 retardabuntur
1405 776 1420 818 3
1447 755 1670 826 ideoque
1694 757 1918 827 gravitas
1943 757 2032 808 illa
2050 775 2157 808 non
2180 758 2413 827 impedit,
2460 766 2462 769 ’

253 850 358 921 que
395 846 568 900 minus
609 846 791 898 caudae
829 856 882 899 et
918 850 1090 916 capita
1125 847 1439 916 positionem
1464 865 1828 917 quamcunque
1853 849 1922 900 ad
1945 849 2166 901 invicem
2191 869 2224 901 a
2248 850 2416 902 causis

243 942 355 1010 jam
393 937 682 1006 descriptiS,
724 946 815 988 aut
850 937 963 989 aliis
1001 936 1402 1007 quibuscunque
1426 935 1669 989 facillime
1697 937 1955 1007 accipiant
1978 948 2030 991 et
2053 949 2236 1008 postea
2258 938 2416 992 liber-

252 1029 384 1083 rime
411 1038 632 1082 servent.

330 1122 530 1175 Caudae
569 1122 746 1192 igitur,
796 1139 913 1191 quae
956 1121 1012 1172 in
1055 1129 1376 1173 cometarum
1423 1121 1689 1190 periheliis
1730 1131 2033 1186 nascuntur,
2079 1124 2136 1175 in
2176 1124 2416 1195 regiones

251 1215 564 1285 longinquas
604 1233 723 1265 cum
762 1230 944 1263 eorum
982 1213 1237 1282 capitibus
1264 1213 1497 1276 abibunt,
1527 1223 1578 1265 et
1602 1212 1684 1264 vel
1721 1212 1843 1264 inde
1869 1223 1989 1283 post
2016 1213 2229 1285 longam
2254 1234 2417 1267 anno-

252 1325 369 1358 rum
398 1306 584 1357 seriem
611 1322 731 1356 cum
755 1302 940 1354 iisdem
967 1302 1156 1355 ad'nos
1182 1303 1445 1367 redibunt,
1473 1303 1556 1355 vel
1580 1301 1753 1372 potius
1780 1303 1853 1366 ibi
1877 1303 2145 1356 rarefactae
2168 1305 2419 1374 paulatim

253 1410 577 1451 evanescent.
642 1398 784 1449 Nam
825 1409 1009 1466 postea
1048 1398 1102 1448 in
1143 1397 1398 1449 descensu
1442 1396 1673 1465 capitum
1717 1395 1786 1447 ad
1832 1395 2009 1448 Solem
2048 1397 2229 1447 caudae
2268 1416 2419 1449 novae

250 1487 594 1540 breviusculae
618 1486 761 1538 lento
781 1496 928 1537 motu
953 1506 985 1538 a
1011 1485 1266 1555 capitibus
1292 1484 1576 1557 propagari
1597 1484 1878 1547 debebunt,
1900 1493 1952 1536 et
1971 1484 2189 1536 subinde
2210 1486 2263 1536 in
2280 1488 2419 1555 peri-

249 1580 401 1632 heliis
439 1590 758 1631 cometarum
795 1578 1020 1642 illorum,
1064 1579 1154 1648 qui
1191 1578 1259 1630 ad
1297 1597 1462 1649 usque
1487 1576 1891 1647 atmosphaeram
1920 1578 2416 1644 Solis‘descendent,

250 1673 305 1723 in
344 1673 657 1724 immensum
696 1671 890 1742 augeri.
968 1672 1150 1741 Vapor
1194 1672 1334 1723 enim
1377 1672 1433 1722 in
1475 1670 1653 1740 spatiis
1696 1670 1798 1722 illis
1847 1670 2124 1723 liberrimis
2165 1674 2419 1742 perpetue

250 1764 468 1815 rarescit
504 1782 565 1814 ac
604 1762 865 1815 dilatatur.
944 1761 1064 1824 Qua
1102 1764 1303 1814 ratione
1339 1763 1401 1814 fit
1436 1774 1495 1814 ut
1533 1762 1699 1814 cauda
1737 1763 1905 1815 omnis
1938 1763 2006 1814 ad
2042 1765 2421 1817 extremitatem

250 1855 576 1923 superiorem
613 1854 767 1905 latior
804 1855 870 1906 sit
908 1839 1063 1924 quam
1094 1855 1247 1924 juxta
1282 1863 1439 1923 caput
1464 1863 1697 1906 cometae.
1775 1854 1854 1907 Ea
1881 1866 2055 1907 autem
2080 1856 2419 1911 rarefactione

250 1965 501 2015 vaporem
536 1945 792 2016 perpetue
830 1946 1102 1999 dilatatum
1130 1947 1353 1999 diffundi
1390 1946 1602 1998 tandem
1628 1957 1679 1999 et
1705 1947 1881 2019 spargi
1905 1938 2000 2017 per
2026 1947 2183 2000 coelos
2210 1950 2418 2002 univer-

250 2055 352 2099 SOS,
396 2036 587 2088 deinde
624 2036 876 2106 paulatim
914 2037 969 2088 in
1004 2037 1240 2106 planetas
1278 2054 1374 2105 per
1411 2036 1721 2107 gravitatem
1764 2055 1912 2088 suam
1953 2037 2159 2101 attrahi,
2202 2048 2254 2089 et
2296 2058 2417 2091 cum

249 2147 435 2179 eorum
462 2128 825 2197 atmosphaeris
850 2128 1074 2190 misceri,
1114 2127 1307 2179 rationi
1344 2136 1751 2178 consentaneum
1774 2127 1997 2179 videtur.
2075 2127 2214 2178 Nam
2240 2147 2419 2199 quem-

249 2217 536 2268 admodum
574 2219 740 2270 maria
784 2219 852 2271 ad
895 2219 1317 2291 constitutionem
1358 2218 1544 2271 Terrae
1591 2217 1745 2288 hujus
1796 2219 2011 2273 omnino
2063 2220 2416 2289 requiruntur,

256 2310 419 2379 idque
457 2320 516 2361 ut
553 2329 620 2362 ex
656 2311 718 2362 iis
755 2330 851 2380 per
887 2311 1112 2363 calorem
1153 2310 1288 2363 Solis
1325 2328 1543 2379 vapores
1582 2308 1791 2378 copiose
1830 2310 1951 2361 satis
1979 2310 2286 2373 excitentur,
2327 2312 2417 2382 qui

248 2401 335 2452 vel
360 2400 415 2451 in
440 2400 609 2453 nubes
636 2403 801 2454 coacti
827 2402 1071 2454 decidant
1106 2402 1161 2452 in
1197 2401 1403 2471 pluviis,
1437 2412 1489 2454 et
1524 2402 1748 2453 Terram
1774 2420 1983 2454 omnem
2009 2402 2077 2454 ad
2101 2404 2418 2471 procreatio-

249 2514 372 2547 nem
396 2495 768 2567 vegetabilium
792 2496 1028 2568 irrigent
1054 2505 1106 2548 et
1129 2496 1365 2547 nutriant
1378 2515 1393 2558 3
1430 2495 1515 2547 vel
1549 2495 1605 2546 in
1632 2494 1833 2566 frigidis
1859 2495 2116 2547 montium
2141 2495 2417 2547 verticibus

251 2585 555 2638 condensati
583 2589 600 2655 (
631 2586 695 2655 (g)
722 2595 781 2638 ut
808 2586 968 2656 aliqui
994 2605 1113 2638 cum
1137 2586 1341 2639 ratione
1364 2585 1826 2656 philosophantur)
1866 2585 2146 2638 decurrant
2170 2586 2225 2636 in
2250 2585 2416 2638 fontes

252 2687 304 2729 et
328 2677 573 2729 flumina:
603 2678 676 2729 sic
702 2678 771 2729 ad
797 2678 1244 2730 conservationem
1267 2678 1493 2730 marium
1520 2686 1571 2730 et
1596 2677 1879 2729 humorum
1904 2676 1957 2727 in
1983 2675 2203 2745 planetis
2222 2677 2417 2746 requiri

250 2767 496 2819 videntur
537 2777 770 2832 cometae,
820 2787 889 2820 ex
927 2787 1153 2839 quorum
1194 2768 1610 2820 exhalationibus
1654 2778 1706 2820 et
1746 2767 2023 2837 vaporibus
2068 2766 2413 2831 condensatiS,

250 2856 498 2926 quicquid
541 2856 756 2926 liquoris
799 2874 895 2925 per
933 2857 1315 2928 vegetationem
1358 2867 1410 2908 et
1454 2855 1887 2925 putrefactionem
1925 2855 2247 2907 consumitur
2281 2865 2333 2907 et
2362 2856 2418 2907 in

252 2945 476 2997 Terram
517 2945 718 2997 aridam
757 2946 1093 3009 convertitur,
1149 2944 1397 2998 continue
1443 2945 1674 3014 suppleri
1712 2954 1764 2997 et
1801 2943 1946 2996 refici
1994 2944 2174 3013 possit.
2275 2944 2416 2996 Nam

248 3038 557 3108 vegetabilia
584 3038 759 3091 omnia
783 3057 850 3091 ex
874 3038 1164 3110 liquoribus
1191 3037 1405 3091 omnine
1433 3048 1687 3102 crescunt,
1729 3038 1850 3090 dein
1879 3037 2071 3110 magna
2098 3056 2164 3090 ex
2188 3048 2336 3107 parte
2360 3039 2415 3092 in

257 3127 483 3181 Terram
510 3127 711 3180 aridam
735 3146 830 3197 per
854 3128 1290 3198 putrefactionem
1315 3129 1524 3191 abeunt,
1567 3138 1620 3180 et
1647 3128 1801 3180 limus
1829 3146 1894 3179 ex
1923 3127 2212 3197 liquoribus
2236 3137 2413 3197 putre·

249 3219 397 3272 factis
435 3220 692 3290 perpetue
730 3221 940 3274 decidit.
1019 3221 1169 3274 Hinc
1203 3221 1368 3273 moles
1409 3221 1595 3273 Terrae
1633 3220 1794 3272 aridae
1837 3219 1891 3271 in
1929 3218 2038 3271 dies
2075 3228 2310 3291 augetur,
2363 3229 2413 3273 et

246 3312 492 3382 liquoreS,
521 3313 623 3365 nisi
649 3312 859 3376 aliunde
885 3322 1228 3385 augmentum
1248 3323 1527 3375 sumerent,
1548 3310 1803 3381 perpetue
1824 3310 2125 3362 decrescere
2143 3309 2409 3375 deberent,

257 3423 317 3455 ac
342 3404 554 3456 tandem
581 3404 821 3457 deficere.
888 3403 1059 3457 Porre
1086 3404 1322 3472 suspicor
1349 3403 1589 3472 spiritum
1624 3402 1788 3465 illum,
1830 3402 1919 3472 qui
1945 3401 2077 3453 a'eris
2102 3394 2272 3454 nostri
2289 3419 2412 3471 pars

247 3495 463 3547 minima
489 3504 583 3558 est,
613 3495 705 3547 sed
731 3495 1065 3548 subtilissima
1091 3504 1140 3547 et
1167 3496 1380 3565 optima,
1420 3504 1473 3548 et
1497 3495 1563 3547 ad
1589 3513 1765 3548 rerum
1789 3494 2024 3554 omnium
2049 3493 2206 3548 vitam
2236 3492 2410 3564 requi-

244 3584 393 3649 ritur,
422 3604 488 3637 ex
510 3586 728 3639 cometis
754 3583 1024 3656 praecipue⁴
1043 3587 1235 3639 venire.

301 3745 359 3797 (g)
390 3748 411 3770 '¹‘
441 3748 492 3786 Ut
525 3749 645 3799 aliqui
677 3761 769 3787 cum
801 3749 948 3787 ratione
974 3732 1302 3797 philosophantur.
1358 3747 1557 3785 Transact.
1593 3745 1816 3796 Philosoph.
1848 3759 1910 3785 an.
1937 3722 2051 3786 16s7.
2078 3719 2193 3786 1694.
2220 3744 2335 3787 1729.
2366 3750 2406 3782 et

247 3798 456 3837 Horumce
473 3801 794 3850 philosophorum
814 3802 985 3839 rationes
995 3799 1124 3839 videre
1138 3806 1196 3837 est
1215 3812 1301 3848 pas-
1356 3800 1541 3839 Monum.
1568 3798 1692 3840 Acad.
1718 3800 1841 3839 Paris.
1863 3812 1925 3838 an.
1954 3803 2066 3840 1703.

244 3852 319 3891 sim
348 3852 454 3902 apud
485 3865 621 3892 omnes
639 3854 821 3893 cultiores
846 3854 1036 3905 physicos·
1098 3853 1302 3904 Legamur
