2540 4296
384 309 432 356 fv
1181 281 1732 362 INTRODUCTIO

380 454 670 525 eclipticam
696 467 846 521 secet,
887 459 969 510 cui
993 477 1179 527 nempe
1217 460 1333 511 coeli
1369 461 1484 511 loco
1509 461 1855 528 respondeant
1891 462 1998 530 ejus
2024 459 2162 523 nodi,
2204 462 2291 529 qui
2326 461 2379 510 in
2415 460 2514 511 hac

378 547 655 617 hypothesi
691 550 783 600 fixi
820 549 1005 612 forent,
1046 561 1097 601 et
1134 570 1357 620 quonam
1389 552 1580 621 angulo
1616 552 1781 603 orbita
1809 552 1977 603 Lunae
2013 551 2144 601 foret
2169 551 2410 601 inclinata
2446 547 2514 600 ad

379 639 684 707 eclipticam,
720 640 859 690 unde
897 641 1141 709 quoniam
1167 661 1227 693 ea
1254 643 1519 694 inclinatio
1544 653 1783 696 constans
1824 654 1971 706 esset,
2012 642 2250 694 distantia
2281 642 2447 693 Lunae
2484 658 2515 689 a

376 729 537 796 plano
563 728 810 795 eclipticae
835 747 929 796 per
954 730 1380 798 perpendiculum
1406 732 1713 795 mensurata,
1742 732 1874 783 foret
1899 751 2099 800 semper
2124 730 2514 800 proportionata

378 818 633 868 distantiae
658 818 1072 886 perpendiculari
1113 820 1279 871 Lunae
1307 841 1335 871 a
1361 820 1494 871 linea
1527 821 1799 883 nodorum,
1840 822 2012 889 itaque
2052 839 2118 871 ex
2155 819 2362 890 cognito
2398 818 2514 868 1000

380 894 549 960 L'unae
578 918 627 959 et
652 908 909 959 nodorum
934 910 1179 979 cognosci
1202 911 1392 977 poterit
1419 929 1643 978 quonam
1670 911 1764 960 sub
1790 910 1980 980 angulo
2008 910 2160 960 Luna
2188 909 2252 959 ab
2279 905 2513 974 ecliptica

379 1000 569 1051 distare
595 999 829 1050 videatur
854 1018 920 1051 ex
946 998 1056 1068 ipsa
1084 999 1281 1062 Το11ἓις
1323 1010 1373 1051 et
1407 1001 1476 1051 ad
1501 1000 1763 1070 quodnam
1786 1010 2036 1069 punctum
2062 998 2310 1067 eclipticae
2336 996 2515 1047 referri

379 1074 578 1139 debeat.

453 1180 508 1231 Si
533 1180 703 1248 itaque
724 1179 893 1230 Lunae
913 1189 1083 1231 motus
1102 1180 1229 1230 citra
1257 1179 1512 1229 actionem
1540 1177 1673 1229 Solis
1701 1176 2106 1238 considerentur,
2134 1175 2325 1227 tabulae
2352 1184 2515 1227 astro—

380 1267 595 1318 nomicae
622 1267 827 1319 lunares
853 1268 966 1318 haec
992 1267 1254 1319 continere
1279 1266 1557 1318 debebunt.

452 1355 645 1408 Primo.
711 1357 981 1425 Epocham
1005 1357 1106 1407 loci
1132 1356 1298 1407 Lunae
1326 1355 1446 1406 dato
1473 1356 1647 1424 aliquo
1672 1363 1903 1423 tempore
1918 1373 1932 1415 3
1971 1363 2079 1404 tum
2107 1352 2518 1404 observationem

376 1445 478 1496 loci
514 1445 716 1515 apogaei
741 1445 881 1514 quod
907 1445 1071 1496 fixum
1095 1454 1339 1505 maneret,
1384 1453 1435 1494 et
1473 1442 1883 1494 observationem
1907 1441 2007 1493 loci
2032 1440 2289 1492 nodorum
2324 1441 2518 1509 pariter

377 1533 621 1583 fixorum.

452 1622 641 1673 Postea
678 1621 944 1673 continere
982 1621 1245 1673 debebunt
1269 1621 1499 1673 tabulam
1523 1629 1692 1671 motus
1722 1619 1895 1682 medii,
1934 1629 2046 1670 tum
2081 1619 2308 1671 tabulam
2345 1639 2518 1690 aequa-

377 1713 530 1764 tionis
576 1713 744 1763 Lunae
788 1710 1071 1763 secundum
1119 1712 1225 1780 ejus
1276 1711 1568 1762 distantiam
1611 1709 1835 1761 mediam
1878 1709 1942 1760 ab
1989 1727 2239 1778 apogae03
2289 1709 2520 1760 tabulam

376 1803 664 1854 latitudinis
693 1803 861 1853 Lunae
901 1801 1184 1854 secundum
1221 1802 1413 1853 variam
1445 1801 1739 1852 distantiam
1765 1802 1932 1852 Lunae
1969 1819 1999 1851 a
2034 1800 2174 1852 nodo
2212 1810 2262 1851 et
2299 1801 2520 1870 denique

379 1893 609 1944 tabulam
634 1891 946 1943 reductionis
969 1893 1135 1944 Lunae
1160 1892 1225 1944 ad
1251 1892 1554 1961 eclipticam,
1584 1890 1867 1943 secundum
1894 1910 2007 1959 eam
2032 1891 2322 1945 distantiam
2352 1892 2519 1943 Lunae

377 2003 406 2034 a
435 1982 594 2034 nodo.

450 2071 679 2123 Possunt
713 2071 794 2122 his
833 2069 970 2133 addi,
1010 2068 1187 2121 tabula
1222 2068 1580 2120 distantiarum
1612 2068 1781 2120 Lunae
1818 2086 1849 2118 a
1887 2066 2052 2119 Terra
2090 2065 2375 2118 secundum
2411 2068 2518 2135 ejus

377 2149 671 2209 distantiam
709 2158 774 2208 ab
812 2158 919 2225 ejus
944 2174 1177 2226 apogaeo,
1216 2156 1390 2207 tabula
1415 2155 1783 2207 diametrorum
1808 2155 1915 2223 ejus
1941 2155 2299 2223 apparentium
2337 2173 2519 2206 secun-

377 2246 503 2298 dum
541 2246 775 2298 eamdem
802 2245 1099 2297 distantiam
1138 2245 1201 2296 ab
1239 2263 1470 2316 apogaeo,
1510 2255 1561 2297 et
1596 2245 1818 2314 denique
1855 2244 2031 2295 tabula
2053 2245 2389 2315 parallaxeos*
2415 2245 2518 2319 qua

377 2335 683 2403 deprimitur
704 2334 856 2386 Luna
874 2342 1113 2403 respectu
1133 2335 1432 2402 spectatoris
1458 2335 1513 2385 in
1540 2333 1811 2403 superficie
1829 2332 2057 2387 Telluris
2083 2333 2335 2399 collocati,
2363 2346 2520 2405 prout

357 2423 579 2474 —diversa
604 2432 681 2474 est
705 2424 813 2492 ejus
841 2441 872 2473 a
897 2421 1064 2473 Terra
1092 2421 1347 2485 distantia,
1388 2432 1439 2474 et
1471 2432 1627 2491 prout
1660 2422 1877 2475 altitudo
1903 2441 2060 2492 supra
2084 2423 2407 2475 horizontem
2442 2434 2520 2476 est

377 2513 598 2564 diversa.

449 2602 594 2654 Talis
619 2602 751 2654 foret
775 2612 884 2654 tota
909 2602 974 2653 de
1002 2600 1155 2654 Luna
1181 2601 1395 2664 theoria,
1425 2602 1552 2653 citra
1581 2602 1713 2675 Solis
1738 2602 2020 2663 actionem3
2061 2601 2152 2653 sed
2170 2602 2280 2671 jam
2304 2622 2335 2654 a
2359 2603 2518 2674 longo

377 2704 612 2763 tempore
661 2693 1027 2744 intellexerunt
1072 2692 1369 2755 astronomi,
1422 2692 1626 2743 lunares
1665 2702 1835 2743 motus
1872 2711 1902 2743 a
1939 2692 2108 2743 Lunae
2145 2692 2245 2743 situ
2281 2703 2519 2762 respectu

381 2784 515 2836 Solis
541 2784 829 2852 plurimum
865 2782 1080 2843 turbari,
1116 2781 1256 2833 unde
1287 2781 1452 2833 varias
1479 2781 1836 2844 correctiones,
1877 2780 1981 2832 sive
2016 2781 2329 2850 aequationes
2366 2783 2518 2834 variis

376 2873 539 2924 titulis
565 2871 876 2923 concinnare
903 2880 1023 2922 sunt
1049 2870 1234 2921 conati.
2069 2868 2074 2874 ’

450 2959 625 3021 Quam
649 2960 938 3011 luculenter
965 2977 1031 3010 ex
1055 2959 1317 3029 gravitatis
1341 2958 1556 3020 theoria,
1588 2945 1710 3010 'haec
1734 2977 1841 3009 non
1865 2957 2023 3009 modo
2048 2959 2386 3028 explicentur,
2426 2960 2519 3012 sed

377 3051 531 3102 etiam
549 3059 789 3101 accurato
806 3049 1004 3100 calculo
1020 3049 1441 3111 determinentur,
1461 3049 1814 3101 demonstrare
1834 3069 2104 3121 aggressus
2122 3060 2198 3102 est
2214 3050 2514 3114 Newtonus,

375 3149 427 3190 et
464 3157 549 3189 eas
587 3157 766 3190 omnes
804 3138 1117 3207 aequationes
1143 3157 1259 3207 quae
1297 3156 1363 3189 ex
1405 3138 1524 3190 Sole
1554 3137 1798 3206 pendent,
1840 3138 2045 3189 calculis
2086 3157 2152 3189 ex
2188 3138 2387 3191 theoria
2426 3138 2517 3195 sua

376 3226 610 3278 deductis
636 3228 707 3278 ita
732 3225 948 3277 feliciter
985 3227 1160 3278 statuit
1184 3236 1242 3277 ut
1266 3236 1436 3277 motus
1463 3226 1631 3278 Lunae
1656 3227 1828 3295 ejusve
1864 3227 2178 3297 aequationes
2216 3246 2282 3279 ex
2318 3228 2517 3280 calculo

375 3325 595 3384 repertae
614 3315 888 3375 inminuto
909 3315 1134 3366 secundo
1161 3325 1248 3366 aut
1267 3313 1431 3384 prope
1452 3333 1571 3366 cum
1595 3315 1656 3365 iis
1682 3333 1799 3384 quae
1824 3315 1889 3366 ab
1916 3315 2320 3367 accuratioribus
2340 3317 2516 3367 obser-

376 3407 668 3458 vationibus
695 3407 1027 3458 determinari
1046 3415 1342 3475 potuerunt,
1384 3406 1719 3469 consentiant,
1753 3405 1894 3475 quod
1914 3406 2240 3457 autoritatem
2259 3406 2515 3477 integram

374 3496 449 3547 illi
474 3498 688 3549 theoriae
709 3498 962 3549 conciliat.
1028 3496 1227 3548 Calculi
1246 3505 1418 3547 autem
1443 3495 1533 3557 illi,
1562 3514 1657 3546 nec
1676 3494 1848 3546 faciles
1869 3506 2002 3557 sunt,
2027 3514 2123 3547 1100
2144 3496 2510 3563 compendiosi,

356 3606 470 3640 ·nec
496 3608 697 3658 semper
724 3588 994 3642 commode
1021 3589 1087 3641 ad
1114 3588 1452 3658 syntheticam
1477 3586 1695 3638 formam
1720 3586 2002 3637 reducendi
2017 3607 2030 3648 3
2071 3605 2199 3654 quos
2227 3585 2513 3638 Newtonus

373 3676 473 3728 hac
491 3677 671 3728 ultima
697 3679 894 3730 ratione
920 3678 1100 3729 lectori
1127 3696 1220 3728 suo
1246 3677 1422 3728 sistere
1447 3676 1632 3744 potuit,
1672 3694 1759 3726 eos
1799 3675 2061 3727 enucleate
2087 3675 2258 3738 tradit,
2300 3685 2514 3726 caeteros

374 3765 578 3827 omittit,
607 3775 658 3816 et
683 3765 824 3834 quod
842 3783 909 3817 ex
927 3765 988 3817 iis
1008 3765 1269 3817 obtinetur
1287 3764 1502 3815 strictim
1526 3765 1581 3814 in
1612 3762 1820 3815 Scholio
1839 3763 2046 3823 indicat,
2076 3771 2126 3813 et
2142 3763 2312 3830 primo
2336 3763 2512 3831 quales

375 3852 477 3903 sint
496 3852 599 3902 illae
619 3852 935 3921 aequationes
953 3854 1104 3922 juxta
1122 3863 1535 3904 astronomorum
1554 3851 1935 3903 observationes
1962 3850 2101 3912 dicit,
2130 3861 2180 3901 et
2205 3851 2513 3921 quibusnam
