2540 4296
132 299 318 351 Lxssnn
335 297 634 362 TERT1us.]
689 292 1091 378 PRINCIPIA
1131 293 1754 347 MATHEMATICA.
2182 302 2282 349 129

126 443 230 495 fine
257 441 452 506 cursfiS,
480 443 570 495 ubi
596 441 764 494 motus
790 440 1086 509 apparentis
1120 458 1241 509 pars
1278 440 1382 502 illa,
1424 459 1540 510 quae
1567 459 1596 490 a
1621 437 1875 508 parallaxi
1900 437 2081 500 oritur,
2121 442 2283 509 majo-

123 550 234 583 rem
270 532 425 583 habet
467 531 856 600 proportionem
892 529 958 580 ad
995 540 1190 580 motum
1217 537 1386 579 totum
1411 539 1764 596 apparentem,
1807 526 2081 577 deflectere
2107 529 2278 580 solent

121 624 187 675 ab
212 623 292 674 his
320 624 540 687 circulis,
571 633 622 674 et
647 621 848 692 quoties
865 620 1036 672 Terra
1059 630 1295 671 movetur
1322 619 1376 669 in
1401 637 1557 670 unam
1583 630 1800 688 partem,
1830 618 1972 669 abire
2000 617 2052 666 in
2079 629 2277 685 partem

121 714 452 765 contrariam.
530 711 714 765 Oritur
748 710 864 761 haec
900 710 1124 761 deflexio
1160 707 1387 760 maxime
1425 727 1491 759 ex
1525 708 1795 776 parallaxi,
1834 718 2112 776 propterea
2137 712 2275 777 quod

120 804 401 872 respondet
435 800 599 853 motui
638 800 849 860 Terrae3
890 809 944 850 et
969 798 1185 870 insignis
1223 799 1332 867 ejus
1359 798 1633 868 quantitas,
1673 816 1791 847 meo
1816 807 2079 864 computo,
2121 797 2279 849 collo-

120 892 254 943 cavit
291 892 610 959 disparentes
638 899 864 940 cometas
891 888 1013 939 satis
1038 888 1194 958 longe
1231 886 1364 937 infra
1390 886 1591 938 Jovem.
1669 885 1829 938 Unde
1856 903 2176 955 consequens
2203 899 2278 940 est

119 982 260 1052 quod
301 983 355 1033 in
392 981 632 1052 perigaeis
677 991 727 1032 et
762 979 1043 1048 periheliis,
1089 979 1180 1031 ubi
1216 977 1433 1048 propius
1476 978 1681 1041 adsunt,
1728 978 2050 1031 descendunt
2088 980 2277 1049 saepius

121 1071 253 1123 infra
279 1071 431 1123 orbes
460 1071 651 1123 Martis
678 1080 728 1121 et
754 1070 1056 1121 inferiorum
1081 1069 1423 1138 planetarum.

2137 1163 2273 1214 Nam

115 1253 346 1321 corporis
373 1254 592 1305 coelestis
618 1272 650 1304 a
678 1251 799 1305 Sole
824 1251 1063 1303 illustrati
1089 1261 1141 1303 et
1165 1252 1220 1302 in
1245 1252 1484 1323 regiones
1511 1253 1820 1324 longinquas
1842 1254 2095 1317 abeuntiS,
2125 1253 2277 1304 dimi-

112 1343 293 1393 nuitur
331 1342 579 1411 splendor
614 1342 670 1393 in
706 1339 1099 1411 quadruplicata
1136 1340 1339 1394 ratione
1378 1342 1670 1394 distantiae:
1710 1343 1763 1392 in
1791 1341 2051 1411 duplicata
2080 1344 2278 1394 ratione
2314 1388 2317 1393 .

194 1160 550 1212 Confirmatur
577 1160 730 1212 etiam
756 1159 1117 1230 propinquitas
1144 1168 1463 1212 cometarum
1493 1162 1553 1231 (e)
1582 1180 1648 1214 ex
1672 1161 1789 1214 luce
1815 1163 2059 1231 capitum.

112 1432 350 1485 videlicet
374 1434 442 1485 ob
469 1443 672 1485 auctam
698 1432 931 1501 corporis
957 1432 1254 1484 distantiam
1278 1452 1309 1485 a
1332 1433 1469 1497 Sole,
1498 1442 1550 1486 et
1574 1434 1628 1485 in
1654 1433 1752 1485 alia
1779 1432 2041 1502 duplicata
2074 1435 2274 1487 ratione

111 1522 180 1573 ob
219 1522 526 1574 diminutam
563 1523 874 1574 diametrum
911 1532 1264 1592 apparentem.
1342 1523 1502 1578 Unde
1528 1524 1571 1575 si
1595 1524 1748 1576 detur
1774 1534 1825 1576 et
1857 1525 1986 1576 lucis
2012 1526 2271 1596 quantitas

110 1624 165 1663 et
190 1632 445 1682 apparens
472 1614 721 1665 diameter
748 1623 981 1676 cometae,
1009 1614 1217 1666 dabitur
1242 1613 1501 1677 distantia,
1529 1614 1751 1666 dicendo
1772 1614 1913 1684 quod
1939 1615 2184 1667 distantia
2210 1617 2277 1667 sit

111 1702 179 1753 ad
204 1702 499 1754 distantiam
524 1702 765 1771 planetae,
794 1703 849 1753 in
874 1702 1074 1754 ratione
1100 1702 1339 1754 diametri
1364 1703 1432 1754 ad
1457 1703 1768 1754 diametrum
1787 1702 1981 1755 directe
2002 1715 2054 1756 et
2073 1706 2274 1758 ratione

110 1792 373 1861 duplicata
398 1793 529 1845 lucis
555 1794 623 1845 ad
647 1794 818 1845 lucem
843 1792 1061 1845 inverse.
1129 1794 1216 1846 Sic
1241 1794 1458 1846 minima
1482 1794 1715 1863 capillitii
1742 1804 1958 1846 cometae
1985 1797 2106 1847 anni
2138 1805 2274 1850 1682

106 1882 374 1946 diameter,
409 1902 504 1953 per
529 1884 713 1935 tubum
740 1883 971 1952 opticum
1002 1883 1264 1935 sexdecim
1301 1884 1497 1953 pedum
1522 1904 1554 1935 a
1582 1885 1900 1937 Flamstedio
1926 1886 2200 1940 observata
2224 1899 2276 1941 et

105 1976 436 2029 micrometro
461 1987 774 2037 mensurata,
802 1977 1044 2047 aequabat
1069 1978 1135 2028 2'.
1164 1979 1230 2029 0''
1247 1997 1261 2039 3
1287 1977 1502 2028 nucleus
1529 1987 1702 2029 autem
1728 1997 1818 2029 seu
1846 1978 1992 2029 stella
2018 1979 2071 2030 in
2098 1980 2274 2031 medio

107 2067 288 2135 capitis
313 2068 402 2119 vix
428 2068 681 2119 decimam
705 2077 906 2136 partem
945 2068 1231 2120 latitudinis
1257 2068 1411 2138 hujus
1438 2070 1742 2138 occupabat,
1784 2070 2008 2141 ideoque
2034 2071 2139 2123 lata
2164 2082 2282 2132 erat.

107 2166 309 2209 tantum
351 2159 465 2209 llss.
493 2158 574 2209 vel
622 2160 738 2210 12''.
838 2158 984 2211 Luce
1023 2157 1149 2210 vero
1194 2169 1246 2211 et
1289 2159 1519 2212 claritate
1563 2161 1745 2230 capitis
1791 2163 2070 2230 superabat
2114 2172 2273 2231 caput

105 2256 322 2298 cometae
348 2246 471 2297 anni
501 2254 658 2310 1680,
699 2247 973 2318 stellasque
996 2248 1181 2317 primae
1206 2248 1284 2299 ve]
1327 2248 1569 2300 secundae
1594 2250 1966 2320 magnitudinis
1994 2251 2274 2302 aemulaba—

100 2347 202 2389 tur.
279 2338 543 2389 Ponamus
584 2339 866 2390 Saturnum
908 2358 1028 2391 cum
1066 2339 1260 2390 annulo
1299 2358 1394 2391 suo
1434 2342 1581 2410 quasi
1623 2341 1917 2411 quadruplo
1960 2342 2263 2394 lucidiorem

98 2425 285 2477 fuisse:
326 2436 377 2477 et
414 2426 659 2496 quoniam
695 2427 788 2477 lux
826 2427 1003 2478 annuli
1040 2428 1420 2496 propemodum
1449 2429 1690 2498 aequabat
1727 2429 1896 2481 lucem
1923 2430 2064 2501 globi
2103 2431 2263 2482 inter-

100 2515 275 2577 medii,
315 2526 367 2566 et
401 2515 652 2568 diameter
688 2534 945 2585 apparens
980 2516 1125 2589 globi
1151 2517 1215 2569 sit
1240 2517 1386 2592 quasi
1415 2519 1534 2569 21²¹.
1562 2517 1785 2586 ideoque
1809 2518 1903 2570 lux
1928 2519 2072 2589 globi
2100 2530 2151 2572 et
2176 2540 2268 2572 an-

99 2653 273 2684 austrum
293 2645 504 2684 descendit.
549 2645 657 2690 Quia
668 2652 799 2684 tamen
819 2647 860 2682 in
880 2647 1016 2683 eodem
1038 2648 1157 2694 plano

98 2712 251 2748 semper
269 2699 424 2745 incedit,
447 2701 579 2736 orbem
594 2699 834 2745 circularem,
853 2699 1013 2737 Tellure
1029 2699 1153 2747 quies·

98 2760 222 2799 cente,
250 2752 443 2789 videretur
470 2752 694 2797 describere,
725 2752 792 2790 sed
811 2752 993 2801 quoniam
1021 2752 1157 2790 Tellus

98 2805 183 2854 ipsa
220 2813 398 2843 movetur
433 2804 475 2842 in
513 2805 630 2854 plano
663 2805 860 2854 ecliptieae‚
899 2812 1052 2843 cometa
1086 2818 1156 2853 pro

99 2858 258 2897 diversis
292 2859 424 2896 Terrae
460 2858 555 2896 locis
592 2860 826 2904 observatus,
869 2857 988 2896 modo
1025 2858 1156 2895 versus

97 2913 254 2950 boream
281 2911 398 2949 altius
425 2911 643 2957 ascendere,
672 2910 790 2950 modo
820 2910 954 2949 versus
980 2919 1156 2949 austrum

97 2964 259 3003 inferius
276 2964 507 3003 descendere
534 2965 742 3013 apparebit.
810 2965 1155 3003 observationibus

98 3026 340 3068 compertum
360 3026 417 3055 est
435 3026 604 3056 cometas
634 3016 918 3067 propemodum
938 3018 980 3055 in
1000 3018 1154 3056 circulis

98 3072 279 3109 maximis
297 3084 469 3121 pergere,
490 3070 665 3120 quandiu
684 3080 893 3109 moventur
910 3071 1083 3116 celerius,
1114 3078 1154 3109 at

100 3124 144 3162 in
171 3124 248 3162 fine
275 3124 410 3163 cursus
437 3124 637 3162 deflectere
664 3125 789 3161 solent
815 3127 864 3162 ab
890 3125 950 3162 his
974 3124 1127 3162 circulis
1141 3139 1154 3171 3

100 3178 186 3215 haec
212 3186 343 3216 autem
372 3177 538 3225 deflexio
565 3176 708 3226 pendet
739 3190 785 3215 ex
819 3176 902 3226 ipsa
929 3177 1156 3228 trajectoriae

103 3239 340 3269 cometarum
379 3229 586 3268 curvatura
621 3230 669 3268 de
710 3230 787 3280 qua
831 3231 943 3268 infra.
1022 3230 1155 3274 Quare

101 3284 282 3333 deinceps
309 3283 506 3322 trademus
533 3296 708 3321 normam
736 3283 908 3332 computi
937 3296 1016 3333 quo
1035 3285 1154 3321 New-

100 3344 218 3375 tonus
245 3337 480 3386 disparentes
508 3346 676 3375 cometas
702 3336 793 3374 satis
819 3335 938 3387 longe
963 3336 1066 3374 infra
1083 3337 1155 3376 Jo-

101 3402 189 3428 vem
217 3391 429 3436 collocavit,
459 3389 728 3441 nonnullaque
747 3390 953 3427 afferemus
978 3389 1156 3438 exempla

100 3452 338 3481 cometarum
358 3443 425 3493 qui
451 3442 553 3480 infra
570 3445 681 3481 orbes
701 3443 843 3482 Martis
861 3450 900 3481 et
926 3443 1152 3481 inferiorum

99 3496 342 3545 planetarum
362 3495 653 3534 descenderunt.

155 3603 220 3656 (θ)
247 3606 332 3642 135.
367 3604 389 3627 ⁴*
421 3604 485 3642 Em
516 3604 603 3642 luce
636 3605 820 3654 capitum.
879 3602 1158 3654 Intelligantur

106 3654 197 3693 duae
232 3655 455 3705 superficies
496 3656 690 3705 sphaericae
726 3656 991 3703 concentricae,
1030 3656 1159 3694 minor

104 3721 197 3755 una,
217 3711 342 3760 major
361 3709 493 3754 altera,
524 3716 563 3746 et
589 3709 630 3745 in
650 3718 782 3746 centro
799 3709 1000 3759 utriusque
1019 3710 1157 3748 consti-

104 3769 239 3800 tutum
260 3762 432 3813 fingatur
450 3775 589 3811 corpus
613 3762 770 3813 aliquod
794 3762 984 3800 lucidum.
1048 3764 1158 3807 Quo—

103 3814 207 3852 niam
229 3828 370 3864 corpus
390 3816 491 3853 illud
511 3815 637 3853 radios
652 3828 741 3852 suos
758 3828 826 3865 per
840 3828 995 3853 omnem
1015 3815 1156 3853 circui-

103 3874 189 3904 tum
225 3868 429 3915 diffundit,
470 3868 627 3907 evidens
663 3876 721 3906 est
761 3868 924 3906 eandem
961 3869 1157 3906 radiorum

97 3920 352 3969 quantitatem
401 3922 444 3960 in
488 3919 659 3961 concava
714 3921 914 3971 superficie
958 3922 1159 3973 utriusque

1127 3992 1198 4030 14

1212 2648 1372 2695 sphaerae
1402 2646 1605 2691 contineri,
1639 2645 1806 2695 ideoque
1834 2645 2040 2682 densitates
2069 2645 2267 2683 radiorum

1209 2707 1324 2735 erunt
1342 2700 1380 2735 in
1401 2700 1549 2736 ratione
1577 2699 1868 2746 superficierum
1897 2700 2174 2747 sphaericarum
2203 2700 2264 2737 in-

1210 2750 1330 2797 verse,
1360 2751 1433 2789 hoc
1452 2759 1521 2797 est,
1550 2751 1590 2788 in
1609 2752 1756 2788 ratione
1777 2750 1974 2800 duplicata¹
1998 2752 2262 2790 semi-diame-

1209 2813 1359 2843 trorum
1388 2805 1467 2842 sive
1499 2805 1767 2842 distantiarum
1801 2818 1825 2842 a
1853 2817 2011 2853 corpore
2040 2805 2171 2843 lucido
2202 2806 2264 2842 in-

1211 2857 1317 2896 verse
1349 2861 1430 2910 (14.
1458 2858 1547 2896 Lib.
1575 2857 1647 2907 L).
1712 2859 1846 2902 Quare
1863 2858 1972 2895 nulla
1993 2858 2263 2896 distantiarum

1210 2909 1341 2949 habita
1359 2912 1519 2957 ratione,
1540 2911 1706 2948 sensatio
1724 2924 1813 2962 quae
1831 2925 1854 2949 a
1871 2911 1989 2949 radiis
2007 2924 2143 2949 nervos
2162 2914 2261 2961 opti»

1210 2977 1275 3002 cos
1306 2965 1611 3013 percutientibus
1639 2965 1838 3010 excitatur,
1873 2972 1929 3003 est
1958 2972 2003 3003 ut
2029 2965 2262 3015 quadratum

1207 3017 1399 3055 distantiae
1415 3018 1576 3055 inverse.
1617 3018 1692 3056 Sed
1707 3017 1785 3068 quo
1800 3018 1984 3056 remotius
1996 3027 2054 3056 est
2072 3018 2260 3065 lucidum,

1208 3083 1255 3108 eo
1282 3071 1482 3120 pauciores
1500 3071 1596 3109 radii
1616 3071 1663 3109 ad
1683 3072 1841 3109 oculum
1871 3072 2113 3120 perveniunt,
2142 3072 2261 3123 idque

1210 3123 1250 3161 in
1284 3123 1482 3172 duplicata
1513 3125 1661 3162 ratione
1693 3125 1964 3165 distantiarum
2004 3126 2108 3176 (loco
2143 3124 2262 3175 supra

1209 3177 1296 3227 cit.)
1317 3179 1391 3215 hoc
1410 3186 1477 3224 est,
1507 3178 1548 3215 in
1568 3177 1766 3227 duplicata
1784 3178 1931 3216 ratione
1950 3178 2123 3215 diametri
2143 3192 2260 3227 appa-

1210 3230 1327 3268 rentis
1346 3231 1561 3269 diminutae.
1624 3231 1768 3282 Quare,
1790 3231 2071 3281 componendo,
2092 3233 2261 3280 corporis

1210 3283 1374 3322 coelestis
1401 3297 1424 3321 a
1454 3284 1544 3322 Sole
1563 3284 1741 3322 illustrati
1768 3292 1807 3322 et
1830 3285 1871 3321 in
1898 3286 2075 3335 regiones
2104 3285 2260 3334 longin-

1210 3350 1306 3388 quas
1341 3339 1518 3375 abeuntis
1554 3337 1785 3376 diminuitur
1820 3338 2000 3386 splendor
2036 3339 2075 3374 in
2112 3339 2260 3377 ratione

1211 3390 1503 3440 quadruplicata
1522 3390 1724 3428 distantiae.
1779 3391 1868 3428 Erit
1885 3391 2014 3440 itaque
2026 3391 2260 3441 quadratum

1209 3443 1401 3481 distantiae
1419 3453 1579 3481 cometae
1597 3457 1620 3481 a
1642 3443 1731 3482 Sole
1749 3443 1799 3481 ad
1817 3443 2048 3494 quadratum
2068 3444 2259 3482 distantiae

1130 3546 1133 3547 ⁷
1207 3496 1373 3546 planetae
1390 3499 1438 3534 ab
1457 3496 1593 3535 eodem
1611 3497 1652 3533 in
1671 3497 1818 3534 ratione
1837 3496 2049 3546 composita
2067 3510 2114 3535 ex
2130 3497 2260 3547 dupli-

1212 3548 1299 3587 cata
1325 3550 1472 3587 ratione
1491 3550 1666 3587 diametri
1694 3549 1911 3598 apparentis
1929 3558 2089 3587 cometae
2107 3550 2157 3589 ad
2176 3550 2260 3589 dia-

1211 3611 1381 3640 metrum
1418 3609 1665 3652 apparentem
1700 3602 1867 3652 planetae
1904 3610 1943 3640 et
1979 3604 2125 3641 ratione
2160 3603 2260 3643 lucis

1212 3656 1377 3705 planetae
1412 3656 1460 3692 ad
1507 3656 1635 3693 lucem
1670 3663 1845 3694 cometae.
1924 3655 2043 3695 Unde
2080 3656 2260 3696 distantia

1213 3717 1373 3746 cometae
1391 3722 1414 3746 a
1436 3708 1524 3746 Sole
1543 3716 1600 3746 est
1617 3707 1666 3746 ad
1684 3708 1905 3746 distantiam
1932 3709 2099 3758 planetae
2125 3713 2174 3749 ab
2192 3724 2257 3749 eo-

1213 3763 1301 3799 dem
1336 3763 1376 3799 in
1408 3764 1556 3799 ratione
1586 3761 1799 3810 composita
1829 3774 1877 3800 ex
1910 3763 2058 3801 ratione
2082 3763 2260 3803 diametri

1212 3816 1429 3864 apparentis
1461 3822 1621 3854 cometae
1656 3814 1705 3852 ad
1741 3815 1973 3853 diametrum
2009 3826 2258 3867 apparentem

1211 3869 1377 3917 planetae
1395 3877 1434 3906 et
1451 3869 1598 3907 ratione
1621 3866 1892 3918 subduplicata
1909 3869 2007 3908 lucis
2025 3871 2190 3921 planetae
2209 3871 2258 3910 ad

1211 3921 1339 3960 lucem
1358 3930 1530 3960 cometoe.
