2540 4296
0 3318 21 3558 ‘ww-'uros
0 3255 5 3283 ³⁷⁴
0 3213 3 3229 Α
0 3126 4 3166 ⁴⁷⁴⁷
0 3091 5 3104 ⁴*
0 3063 13 3073 ss
0 3032 4 3047 ⁴⁴
4 3004 7 3007 ·
0 2973 1 2977 ⁴
0 2901 3 2911 ⁷
0 2820 4 2828 *

84 3093 96 3107 3

174 273 357 325 LrssER
386 270 687 334 TERTIUS]
735 265 1137 321 PRINCIPIA
1181 264 1800 319 MATHEMATICA.
2230 278 2331 324 183

166 416 455 468 illustrante
493 412 647 485 quam
686 413 752 465 ab
777 410 940 464 oculis
966 411 1156 463 nostris
1195 411 1493 463 distantiam
1530 411 1698 463 videri
1736 410 1903 463 desiit.
1983 411 2143 464 Unde
2177 416 2332 467 etiam

169 506 350 560 caudae
388 514 706 558 cometarum
742 503 978 565 aliorum,
1024 521 1142 572 quae
1166 503 1350 554 breves
1378 489 1517 565 sunt,
1558 521 1665 554 non
1693 502 1982 555 ascendunt
2005 515 2152 556 motu
2179 506 2335 558 celeri

168 606 220 649 et
258 597 513 667 perpetuo
551 617 582 649 a
620 595 873 665 capitibus
912 604 963 645 et
1000 613 1126 645 mox
1156 603 1489 657 evanescunt,
1520 594 1613 646 sed
1639 605 1759 647 sunt
1784 605 2148 664 permanentes
2173 615 2333 666 vapo-

168 704 287 739 rum
322 698 374 739 et
410 686 798 739 exhalationum
837 684 1111 747 columnae,
1152 703 1183 735 a
1221 682 1474 753 capitibus
1509 683 1797 735 lentissimo
1821 684 2105 736 multorum
2131 685 2336 736 dierum

167 785 314 828 motu
339 782 658 847 propagatae,
699 790 832 842 quae,
872 772 1235 840 participando
1260 780 1463 824 motum
1488 771 1635 823 illum
1665 773 1894 841 capitum
1921 790 2077 842 quem
2102 772 2334 826 habuere

170 867 266 918 sub
291 867 454 929 initio,
482 857 577 934 per
602 863 761 916 coelos
787 862 891 915 una
917 882 1035 915 cum
1063 863 1318 933 capitibus
1337 862 1535 914 moveri
1560 873 1805 934 pergunt.
1883 864 1945 933 (e)
1975 865 2046 916 Et
2068 864 2192 915 hinc
2217 882 2333 915 rur-

169 976 255 1009 sus
295 957 555 1028 colligitur
593 956 758 1024 spatia
795 955 1026 1007 coelestia
1057 955 1110 1007 vi
1146 954 1419 1007 resistendi
1446 954 1687 1017 destitui3
1726 965 1908 1024 utpote
1933 956 1988 1007 in
2014 957 2200 1026 quibus
2225 975 2332 1008 non

169 1047 335 1098 solum
374 1045 538 1097 solida
575 1045 903 1114 planetarum
929 1053 980 1095 et
1006 1052 1326 1096 cometarum
1360 1061 1598 1111 corpora,
1640 1043 1732 1095 sed
1758 1044 1912 1095 etiam
1937 1046 2185 1096 rarissimi
2212 1064 2332 1097 cau-

167 1136 352 1187 darum
387 1152 605 1203 vapores
640 1141 814 1185 motus
839 1151 961 1185 suos
986 1132 1337 1186 velocissimos
1371 1130 1637 1184 liberrime
1673 1143 1933 1205 peragunt
1957 1151 2018 1186 ac
2043 1134 2332 1189 diutissime

168 1233 492 1277 conservant.
1006 1214 1009 1217 ³
1154 1293 1157 1295 -

242 1317 534 1367 Ascensum
556 1311 842 1365 caudarum
868 1330 935 1363 ex
960 1310 1322 1381 atmosphaeris
1349 1313 1579 1381 capitum
1604 1322 1656 1364 et
1691 1331 2028 1385 progressum
2066 1316 2122 1366 in·
2156 1326 2332 1384 partes

168 1424 200 1457 a
228 1405 349 1457 Sole
373 1422 577 1477 aversas
607 1403 869 1473 Keplerus
906 1403 1115 1456 ascribit
1153 1404 1345 1455 actioni
1381 1404 1650 1455 radiorum
1685 1405 1817 1457 lucis
1842 1407 2115 1458 materiam
2150 1408 2333 1459 caudae

170 1514 347 1547 secum
390 1494 721 1564 rapientium.
797 1494 869 1547 Et
910 1513 1092 1546 auram
1136 1494 1298 1567 longe
1340 1496 1700 1547 tenuissimam
1743 1497 1800 1548 in
1840 1499 2017 1567 spatiis
2057 1499 2334 1551 liberrimis

170 1586 362 1638 actioni
397 1586 666 1638 radiorum
703 1585 904 1649 cedere,
946 1584 1010 1655 (f)
1037 1603 1145 1637 non
1184 1596 1262 1638 est
1298 1605 1329 1637 a
1365 1585 1567 1637 ratione
1592 1604 1808 1654 prorsus
1835 1588 2077 1652 alienum,
2106 1608 2213 1640 non
2240 1590 2334 1641 ob-

172 1686 340 1728 stante
360 1676 501 1747 quod
527 1668 827 1728 substantiae
853 1693 1040 1727 crassae
1064 1674 1470 1743 impeditissimis
1495 1674 1551 1725 in
1577 1675 1877 1746 regionibus
1902 1677 2094 1729 nostris
2120 1697 2151 1729 a
2175 1678 2334 1730 radiis

174 1768 310 1822 Solis
349 1768 660 1821 sensibiliter
699 1766 924 1837 propelli
965 1775 1240 1837 nequeant.
1320 1766 1472 1819 Alius
1519 1767 1800 1836 particulas
1845 1777 1954 1819 tam
1995 1767 2133 1819 leves
2177 1767 2335 1838 quam

169 1877 353 1930 graves
391 1859 505 1911 dari
539 1876 693 1928 posse
720 1857 994 1920 existimat,
1036 1867 1088 1909 et
1110 1857 1377 1909 materiam
1406 1836 1693 1910 caudarum
1717 1858 1946 1922 levitare,
1986 1877 2183 1929 perque
2209 1859 2335 1911 levi-

170 1962 330 2003 tatem
356 1970 503 2003 suam
527 1970 559 2002 a
587 1950 708 2003 Sole
734 1950 1029 2002 ascendere.
1096 1948 1233 2002 Cum
1253 1959 1425 2002 autem
1452 1951 1678 2022 gravitas
1706 1970 1986 2020 corporum
2012 1954 2336 2005 terrestrium

170 2042 237 2096 sit
262 2051 322 2095 ut
345 2040 563 2093 materia
588 2040 641 2091 in
669 2039 990 2109 corporibUS‚
1017 2038 1240 2110 ideoque
1266 2039 1465 2092 servata
1492 2041 1778 2111 quantitate
1802 2042 2034 2093 materiae
2059 2043 2259 2095 intendi
2285 2053 2337 2096 et

169 2138 362 2190 remitti
399 2143 640 2207 nequeat,
670 2133 905 2203 suspicor
937 2151 1210 2185 ascensum
1245 2133 1395 2184 illum
1420 2151 1487 2185 ex
1511 2132 1851 2186 rarefactione
1885 2137 2116 2187 materiae
2143 2137 2335 2188 cauda-

169 2245 287 2278 rum
322 2224 496 2295 potius
535 2225 675 2278 oriri.
753 2222 1010 2276 Ascendit
1042 2222 1215 2274 fumus
1252 2222 1309 2273 in
1347 2224 1552 2274 camino
1577 2223 1807 2293 impulsu
1832 2226 1966 2277 a‘erIS
1994 2226 2078 2278 cui
2113 2226 2333 2278 innatat.

173 2319 283 2369 Aer
318 2318 406 2369 ille
443 2335 540 2386 per
578 2317 805 2369 calorem
829 2313 1109 2366 rarefactus
1136 2314 1385 2377 ascendit,
1426 2315 1494 2366 ob
1520 2315 1829 2368 diminutam
1855 2337 2002 2369 suam
2027 2318 2336 2388 gravitatem

173 2407 487 2475 specificam,
516 2415 568 2457 et
593 2405 797 2456 fumum
820 2402 1144 2472 implicatum
1170 2403 1307 2472 rapit
1333 2423 1525 2456 secum.
1603 2406 1807 2468 Quidni
1833 2408 1999 2460 cauda
2025 2418 2241 2460 cometae
2268 2409 2337 2460 ad

171 2495 398 2546 eundem
422 2493 641 2546 modum
666 2491 959 2545 ascenderit
983 2511 1014 2545 a
1044 2490 1208 2545 Sole?
1249 2491 1389 2544 Nam
1413 2493 1547 2546 radii
1573 2495 1764 2547 solares
1790 2515 1897 2548 non
1923 2498 2120 2568 agitant
2144 2498 2334 2561 media,

173 2602 290 2656 quae
314 2593 603 2654 permeant,
632 2582 733 2634 nisi
756 2582 813 2633 in
837 2580 1120 2633 reflexione
1146 2590 1197 2635 et
1221 2580 1545 2636 refractione.
1625 2584 1903 2636 Particulae
1928 2586 2249 2638 reflectentes
2275 2588 2336 2639 ea

176 2677 379 2729 actione
405 2677 667 2750 calefactae
693 2679 993 2734 calefacient
1017 2699 1197 2733 auram
1216 2679 1495 2732 aetheream
1521 2679 1605 2731 cui
1628 2678 1977 2748 implicantur.
2040 2677 2138 2729 Illa
2164 2678 2338 2729 calore

175 2771 274 2823 sibi
313 2772 696 2824 communicato
733 2774 957 2839 rarefiet‚
998 2785 1049 2827 et
1085 2775 1153 2827 ob
1191 2773 1499 2827 diminutam
1537 2771 1597 2824 ea
1622 2771 1831 2823 raritate
1856 2770 2164 2842 gravitatem
2189 2789 2337 2822 suam

177 2862 491 2931 specificam,
534 2862 633 2934 qua
671 2864 819 2934 prius
845 2852 1105 2919 tendebat*
1117 2867 1170 2918 in
1201 2866 1392 2929 Solem,
1429 2864 1672 2917 ascendet
1696 2874 1747 2915 et
1772 2877 1948 2915 secum
1973 2863 2140 2932 rapiet
2174 2863 2337 2932 parti-

176 2957 317 3009 culas
359 2958 681 3012 reflectentes
725 2979 793 3013 ex
835 2961 1022 3032 quibus
1059 2961 1225 3014 cauda
1262 2959 1621 3029 componitur:
1670 2957 1738 3010 ad
1774 2975 2047 3009 ascensum
2080 2974 2336 3025 vaporum

176 3047 420 3116 conducit
456 3048 627 3113 etiam,
667 3050 810 3120 quod
845 3050 904 3102 hi
938 3062 1190 3124 gyrantur
1228 3052 1366 3102 circa
1405 3050 1580 3103 Solem
1618 3058 1671 3101 et
1705 3047 1763 3100 ea
1798 3048 2000 3100 actione
2027 3057 2282 3100 conantur
2307 3066 2338 3099 a

182 3136 305 3189 Sole
327 3137 588 3201 recedere,
616 3147 670 3189 at
698 3139 833 3192 Solis
857 3140 1206 3210 atmosphaera
1231 3150 1282 3191 et
1306 3140 1522 3192 materia
1547 3139 1800 3191 coelorum
1816 3138 1899 3190 vel
1924 3137 2079 3207 plane
2101 3137 2333 3207 quiescit,

178 3224 261 3277 vel
284 3236 432 3278 motu
457 3226 568 3279 solo
594 3245 750 3297 quem
775 3247 810 3279 a
834 3229 969 3281 Solis
995 3230 1252 3282 rotatione
1277 3228 1549 3298 acceperit,
1578 3226 1776 3281 tardius
1801 3238 2032 3300 gyratur.
2087 3228 2196 3279 Hae
2217 3239 2338 3280 sunt

179 3314 632 3368 causaeascensfis
670 3317 956 3370 caudarum
992 3319 1047 3370 in
1086 3318 1272 3371 vicinia
1312 3318 1465 3383 Solis,
1504 3318 1597 3371 ubi
1633 3319 1785 3371 orbes
1822 3318 2084 3370 curviores
2110 3328 2246 3381 sunt,
2287 3328 2341 3369 et

182 3405 560 3457 cometaeintra
584 3405 880 3460 densiorem
906 3417 958 3460 et
982 3407 1041 3459 ea
1079 3408 1279 3460 ratione
1303 3408 1597 3480 graviorem
1626 3407 1761 3461 Solis
1787 3407 2189 3477 atmosphaeram
2215 3426 2338 3459 con-

182 3493 388 3556 sistunt,
428 3502 481 3547 et
516 3493 708 3546 caudas
745 3494 901 3565 quam
935 3496 1264 3568 longissimas
1300 3516 1427 3549 mox
1462 3497 1719 3550 emittunt.
1803 3497 1945 3549 Nam
1984 3497 2181 3561 caudae,
2223 3517 2340 3568 quae

182 3595 307 3636 tunc
333 3595 632 3649 nascuntur,
672 3588 1029 3640 conservando
1054 3599 1256 3641 motum
1282 3607 1435 3641 suum
1456 3576 1511 3642 ⁹et
1537 3590 1735 3642 interea
1759 3607 1939 3641 versus
1969 3588 2144 3642 Solem
2169 3590 2341 3661 gravi—

184 3673 360 3737 tand0‚
403 3674 750 3727 movebuntur
786 3676 923 3729 circa
962 3677 1140 3732 Solem
1176 3678 1231 3729 in
1269 3678 1537 3748 ellipsibus
1574 3697 1673 3748 pro
1699 3697 1844 3731 more
1875 3678 2119 3748 capitum,
2161 3691 2212 3732 et
2247 3698 2342 3749 per

241 3817 298 3869 (θ)
323 3820 343 3841 *
367 3820 421 3857 Et
441 3819 530 3856 hinc
547 3817 685 3857 rurstis
705 3820 907 3868 colligitur.
987 3819 1191 3872 Legantur
1209 3835 1296 3872 quae
1314 3821 1418 3862 dicta
1434 3829 1528 3862 sunt
1545 3822 1586 3861 in
1605 3821 1751 3863 scholio
1779 3823 1895 3875 Prop.
1921 3823 1998 3863 XI.
2024 3824 2112 3863 Lib.
2141 3823 2200 3863 11.

239 3871 300 3924 (f)
323 3873 343 3895 *
367 3873 463 3912 ZVon
481 3881 531 3912 est
551 3888 574 3911 α
593 3876 739 3911 ratione
751 3886 912 3924 prorsus
930 3875 1101 3914 alienum
1123 3876 1249 3927 (165).
