2540 4296
188 257 377 310 LIBER
403 256 705 320 TERTIUS]
783 250 1190 307 PRINCIPIA
1231 247 1855 304 MATHEMATICA.
2248 255 2351 305 197

186 418 478 472 moventur,
509 427 669 480 quam
692 403 992 478 longissime
1013 404 1209 456 distent
1234 403 1300 455 ab
1324 403 1564 467 invicem,
1594 413 1647 455 et
1673 421 1727 455 se
1751 398 1934 453 mutue
1960 398 2113 469 quem
2141 400 2354 454 minime

187 497 413 549 trahant.
492 496 613 561 Qua
641 498 706 550 de
731 494 887 549 causa
915 505 1148 559 cometae,
1187 494 1310 564 quia
1346 491 1500 545 altius
1528 493 1868 555 descendunt,
1906 491 2130 561 idefique
2165 491 2354 543 tardis-

186 584 315 637 sime
341 596 616 639 moventur
642 587 696 638 in
722 584 956 655 apheliis‚
985 584 1179 636 debent
1204 582 1359 635 altius
1386 582 1681 634 ascendere.

260 677 494 741 Cometa,
536 676 626 747 qui
661 692 799 727 anno
841 681 982 726 1680
1021 673 1281 743 apparuit,
1321 672 1494 725 minus
1532 671 1760 724 distabat
1784 690 1816 723 a
1845 670 1966 723 Sole
2003 669 2058 720 in
2094 667 2348 738 perihelio

183 787 280 822 suo
305 767 461 838 quam
484 747 633 839 parte
659 766 805 819 sexta
833 766 1072 818 diametri
1110 765 1244 818 Solis
1263 784 1278 827 3
1319 773 1371 817 et
1406 773 1625 833 propter
1650 780 1907 815 summam
1932 761 2258 813 velocitatem
2295 760 2351 810 in

182 857 367 910 vicini&
392 857 496 922 illa,
527 867 578 910 et
602 857 910 908 densitatem
930 854 1157 926 aliquam
1177 850 1542 922 atmosphaerae
1573 852 1725 915 Solis,
1753 850 2097 902 resistentiam
2125 848 2350 901 nonnul-

184 948 292 999 lam
329 947 520 1000 sentire
555 945 752 1009 debuit,
794 955 846 997 et
882 943 1262 1015 aliquantulum
1287 941 1558 1004 retardari,
1587 950 1638 992 et
1660 937 1878 1009 propius
1905 938 1972 989 ad
2002 938 2178 991 Solem
2204 957 2349 990 acce-

182 1037 338 1089 dere:
379 1046 431 1089 et
457 1035 672 1106 singulis
699 1033 1112 1087 revolutionibus
1140 1031 1437 1084 accedendo
1464 1027 1531 1082 ad
1554 1027 1748 1092 Solem,
1777 1027 1970 1079 incidet
1996 1026 2039 1079 is
2059 1028 2269 1079 tandem
2295 1027 2351 1078 in

183 1144 372 1195 corpus
415 1126 566 1178 Solis.
648 1124 753 1177 Sed
791 1134 843 1176 et
879 1123 934 1174 in
973 1122 1180 1192 aphelio
1206 1121 1297 1173 ubi
1323 1116 1616 1172 tardissime
1643 1127 1898 1180 movetur,
1937 1116 2219 1187 aliquando
2255 1135 2352 1186 per

181 1215 538 1268 attractionem
568 1212 787 1265 aliorum
816 1223 1137 1265 cometarum
1163 1210 1419 1263 retardari
1445 1218 1635 1278 potest,
1661 1218 1713 1260 et
1738 1204 1960 1260 subinde
1985 1207 2040 1258 in
2070 1206 2246 1259 Solem
2271 1207 2352 1258 in-

182 1305 372 1357 cidere.
450 1305 512 1374 (e)
559 1304 647 1357 Sic
687 1303 842 1355 etiam
886 1302 1049 1355 stellae
1093 1301 1233 1365 fixae,
1272 1319 1391 1372 quae
1431 1299 1686 1370 paulatim
1727 1298 1970 1367 expirant
2005 1297 2060 1348 in
2095 1297 2268 1349 lucem
2302 1307 2354 1349 et

181 1413 425 1466 vapores,¹
447 1393 660 1446 cometis
686 1393 741 1445 in
766 1392 904 1462 ipsas
929 1392 1279 1444 incidentibus
1306 1390 1451 1443 refici
1484 1398 1721 1460 possunt,
1750 1398 1802 1441 et
1825 1406 1965 1440 novo
1990 1386 2240 1438 alimento
2266 1405 2352 1439 ac-

181 1502 352 1536 censae
393 1501 496 1553 pro
540 1483 698 1535 stellis
740 1483 888 1534 novis
928 1482 1127 1536 haberi.
1207 1481 1387 1551 Hujus
1431 1481 1639 1553 generis
1685 1487 1810 1535 sunt,
1851 1477 2015 1532 stellae
2051 1477 2191 1541 fixae,
2234 1497 2354 1549 quae

181 1576 356 1629 subito
383 1586 652 1645 apparent,
682 1585 735 1628 et
759 1576 855 1628 sub
886 1573 1036 1626 initio
1062 1572 1219 1645 quam
1246 1572 1474 1625 maxime
1504 1571 1796 1642 splendent,
1838 1580 1890 1623 et
1914 1568 2134 1622 subinde
2172 1570 2355 1639 paula-

180 1668 275 1719 tim
301 1676 628 1719 evanescunt.
706 1667 852 1719 Talis
877 1666 975 1718 fuit
1000 1665 1149 1718 stella
1174 1665 1230 1717 in
1256 1664 1504 1717 cathedra
1536 1661 1856 1732 Cassiopeiae
1886 1680 2043 1733 quam
2072 1661 2352 1714 Cornelius

186 1756 412 1815 Gemma
438 1765 621 1808 octavo
648 1753 962 1808 Novembris
988 1759 1147 1818 1572,
1188 1753 1463 1806 lustrando
1486 1750 1631 1804 illam
1657 1751 1776 1804 coeli
1810 1760 2015 1820 partem
2033 1760 2188 1801 nocte
2214 1769 2354 1802 sere-

179 1836 262 1899 na
291 1846 504 1899 minime
546 1846 703 1910 vidit3
757 1855 811 1899 at
853 1856 1007 1899 nocte
1045 1845 1287 1916 proxima
1335 1845 1619 1914 (Novemb.
1662 1844 1735 1911 9.)
1775 1843 1904 1895 vidit
1947 1843 2067 1894 fixis
2108 1843 2353 1895 omnibus

183 1938 695 2007 splendidiorem,·et
719 1938 835 1990 luce
862 1937 953 1991 sue
981 1937 1069 1990 vix
1095 1936 1367 1991 cedentem.
1395 1937 1608 1990 Veneri.
1687 1937 1848 1988 Hanc
1876 1936 2065 2006 Tycho
2094 1935 2352 1988 Brahaeus

180 2028 312 2080 vidit
339 2028 615 2081 undecimo
641 2029 873 2099 ejusdem
899 2030 1093 2081 mensis
1119 2029 1211 2081 ubi
1247 2028 1475 2081 maxime
1502 2027 1800 2098 splenduit3
1841 2039 1893 2080 et
1920 2047 1985 2080 ex
2013 2048 2075 2080 eo
2114 2038 2352 2097 tempore

179 2118 430 2187 paulatim
456 2117 841 2170 decrescentem
867 2127 919 2170 et
945 2118 1113 2187 spatio
1129 2118 1388 2170 mensium
1409 2119 1672 2170 sexdecim
1694 2128 2088 2171 evanescentem
2105 2118 2351 2170 observa-

178 2207 268 2258 vit.
323 2207 512 2259 Mense
539 2206 845 2272 Novembri,
875 2207 966 2259 ubi
991 2203 1222 2277 prim'um
1247 2208 1506 2278 apparuit,
1538 2208 1799 2260 Venerem
1825 2207 1943 2259 luce
1969 2207 2062 2259 sua
2088 2208 2348 2280 aequabat.

180 2295 373 2348 Mense
413 2296 700 2349 Decembri
738 2295 980 2348 nonnihil
1023 2296 1281 2350 diminuta
1324 2297 1359 2350 J
1361 2315 1513 2350 ovem
1554 2315 1766 2369 aequare
1809 2296 2101 2350 videbatur.
2185 2297 2347 2350 Anno

231 2456 290 2509 (θ)
310 2450 396 2495 174.
417 2459 438 2481 ⁴
453 2459 515 2497 Sic
532 2458 649 2496 etiam
667 2457 896 2512 stellaefiaeae.
949 2457 1016 2496 De
1033 2457 1233 2495 stellarum
1287 2457 1321 2496 si
1341 2470 1535 2508 ponamus
1559 2456 1660 2497 circe
1684 2457 1834 2497 stellam
1860 2469 2120 2507 compressam
2151 2456 2349 2496 revolvere

174 2509 452 2548 variationibus
479 2510 670 2549 nonnulla
696 2512 760 2549 hic
779 2510 985 2550 afferemus
1002 2524 1091 2561 quae
1118 2512 1234 2550 habet
1287 2511 1483 2561 planetam
1503 2512 1674 2562 aliquam
1694 2512 1866 2562 ingentis
1885 2512 1998 2549 molis
2010 2519 2079 2549 aut
2094 2519 2284 2549 cometam
2304 2514 2348 2548 in

177 2563 319 2602 clariss.
347 2564 400 2602 D.
420 2564 469 2601 de
490 2564 738 2613 Maupertuis
752 2564 791 2602 in
808 2564 952 2603 eximio
969 2565 1176 2614 Opusculo
1188 2565 1237 2603 de

181 2617 338 2668 Figuris
370 2619 578 2655 Astrorum
606 2625 645 2656 et
672 2617 714 2655 in
741 2618 857 2656 Mon·
882 2618 1003 2656 Paris.
1033 2622 1095 2656 aff.
1120 2623 1232 2658 1754.

180 2671 307 2716 Fixas,
338 2683 428 2720 quae
455 2679 548 2708 sunt
579 2671 741 2709 totidem
778 2671 897 2717 Soles,
931 2671 1045 2710 variis
1069 2672 1231 2711 donatas

176 2736 259 2762 esse
283 2723 417 2775 figuris
445 2732 484 2762 et
501 2737 550 2762 ex
573 2724 622 2761 iis
639 2724 790 2775 aliquas
808 2725 857 2763 ad
876 2724 1046 2776 figuram
1071 2725 1230 2775 planam

175 2777 248 2829 vell
268 2777 469 2826 planitiem
500 2778 681 2816 accedere
708 2791 788 2817 non
814 2786 1019 2830 repugnat.
1080 2780 1188 2817 Nam
1207 2792 1230 2818 a

176 2831 390 2879 sphaeroide
408 2831 689 2880 propemodum
707 2832 894 2881 sphaerico
911 2845 981 2882 per
1004 2832 1231 2871 innumeros

176 2884 322 2935 gradus
340 2884 593 2933 depressionis
611 2898 633 2923 v
677 2897 743 2924 sus
769 2885 880 2936 polos
898 2885 1054 2924 tandem
1074 2886 1234 2924 deveni-

176 2944 243 2975 tur
270 2937 321 2976 ad
351 2937 515 2987 planum
549 2938 654 2977 circu
671 2951 749 2986 are,
779 2940 813 2977 si
846 2938 1034 2978 continue
1066 2941 1234 2978 varietur

175 2990 275 3029 ratio
297 2991 354 3029 vis
377 2991 608 3043 centrifugie
635 2991 687 3030 ad
717 2993 959 3045 gravitatem,
986 3001 1033 3031 ut
1056 3000 1162 3043 patet
1186 3006 1234 3031 ex

176 3057 287 3082 num.
312 3048 378 3084 56.
436 3045 517 3083 His
548 3045 694 3094 positia
723 3047 824 3086 ratio
855 3046 965 3085 reddi
997 3048 1138 3097 poterit
1165 3060 1238 3086 cur

177 3097 267 3137 fixae
284 3098 464 3149 quaedam
482 3111 589 3137 nunc
607 3107 830 3149 appareant,
858 3114 966 3140 nunc
990 3110 1233 3149 evanescant,

176 3164 249 3191 cur
285 3159 459 3190 mutetur
504 3165 693 3202 apparens
735 3154 937 3193 stellarum
974 3155 1235 3205 quarumdam

176 3206 421 3257 magnitudo,
458 3218 532 3244 nec
569 3219 649 3244 non
685 3208 802 3246 etiam
839 3220 911 3246 cur
938 3208 1060 3247 stellae
1091 3208 1234 3259 aliquae

175 3259 288 3309 quasi
321 3271 456 3297 recens
484 3265 654 3298 accensae
685 3262 778 3299 oriri
806 3262 899 3300 visae
929 3261 1018 3308 sint,
1051 3262 1234 3312 quaedam

176 3311 268 3351 vore
285 3312 396 3364 quasi
415 3314 595 3352 extinctae
613 3314 735 3353 videri
754 3315 950 3354 desierint·
1011 3315 1052 3353 Si
1080 3316 1121 3353 in
1141 3315 1230 3354 stel-

177 3365 306 3403 larum
340 3378 506 3405 numero
533 3368 776 3416 reperiantur
807 3369 948 3419 aliquae
985 3369 1036 3407 ad
1064 3369 1234 3420 figuram

177 3418 335 3467 planam
353 3419 593 3467 accedentes,
620 3421 699 3459 illae
717 3421 814 3460 dum
832 3422 972 3460 faciem
992 3435 1103 3461 suam
1122 3422 1235 3461 nobis

176 3474 395 3520 obvertunt,
432 3475 670 3523 sphaerarum
702 3475 827 3514 instar
860 3477 1113 3526 apparebunt.
1190 3477 1232 3514 Si

179 3534 312 3575 autem
330 3534 506 3576 respectu
521 3527 642 3566 nostri
661 3528 780 3567 situm
795 3542 912 3567 suum
927 3536 1093 3576 mutent,
1107 3529 1233 3580 magis

178 3579 241 3617 vel
268 3579 400 3618 minus
425 3579 626 3628 stellarum
643 3581 801 3620 illarum
820 3582 1003 3632 splendor
1022 3582 1230 3630 decrescet,

177 3641 293 3681 prout
312 3634 385 3672 hoc
404 3633 465 3672 vel
489 3633 558 3671 illo
575 3634 694 3672 modo
711 3648 794 3674 sese
812 3636 923 3674 nobis
942 3636 1156 3681 ostendent,
1188 3650 1233 3675 ac

178 3687 336 3725 tandem
354 3687 508 3738 exiguae
526 3687 709 3737 crassitiei
734 3688 838 3727 latus
863 3688 1068 3728 exhibeant
1086 3697 1126 3729 et
1143 3691 1235 3728 satis

178 3739 295 3790 longe
314 3752 337 3778 a
355 3741 467 3779 nobis
483 3740 638 3788 distent,
659 3742 883 3791 conspectui
901 3752 1036 3782 nostro
1054 3756 1135 3781 sese
1149 3756 1236 3781 om-

146 3807 152 3813 ·
178 3792 275 3832 nine
294 3793 525 3833 subducent.
569 3794 785 3840 Quomodo
805 3803 936 3835 autem
953 3796 1042 3835 fixae
1060 3806 1237 3845 respectu

182 3847 300 3886 nostri
318 3849 546 3898 positionem
566 3862 678 3887 suam
697 3857 863 3897 mutent,
885 3850 1072 3900 explicari
1099 3859 1235 3901 potest,

1274 3209 1498 3264 ‚accederes

1289 2563 1415 2604 orbita
1441 2565 1554 2604 valde
1582 2564 1800 2603 excentrica
1827 2574 1866 2603 et
1884 2565 1933 2603 ad
1962 2574 2198 2616 aequatorem
2225 2565 2348 2603 stellae

1291 2618 1501 2665 inclinatz‘i3
1543 2619 1585 2656 in
1619 2618 1691 2657 hac
1720 2619 1826 2657 enim
1853 2619 2071 2669 hypothesi,
2110 2619 2267 2668 planeta
2296 2619 2346 2656 ad

1284 2672 1516 2721 perihelium
1530 2685 1646 2710 suum
1661 2673 1849 2712 accedens
1861 2672 1976 2724 juxte
1989 2672 2226 2711 attractionis
2241 2672 2347 2723 leges

1283 2726 1577 2764 inclinationem
1592 2725 1680 2764 fixae
1694 2727 1821 2775 planae
1834 2727 2084 2777 perturbabit,
2099 2733 2137 2764 et
2155 2726 2246 2764 hinc
2260 2726 2345 2764 fieri

1282 2780 1426 2830 poterit
1453 2787 1498 2818 ut
1524 2786 1672 2829 partem
1692 2780 1863 2818 lucidam
1882 2779 1975 2817 disci
2004 2780 2116 2818 nobis
2141 2781 2340 2818 obversam

1283 2833 1581 2883 conspiciamus,
1600 2846 1689 2883 quae
1709 2835 1759 2871 ob
1777 2834 1961 2884 exiguam
1988 2833 2118 2871 lateris
2137 2834 2344 2882 compressi

1290 2887 1502 2925 crassitiem
1529 2887 1665 2925 oculos
1683 2894 1834 2925 nostros
1852 2887 1966 2925 antea
1993 2887 2220 2938 effugiebat.
2280 2887 2345 2924 Ex

1287 2941 1349 2978 his
1366 2953 1522 2992 quoque
1540 2940 1773 2991 intelligitur
1791 2940 1875 2978 fieri
1894 2954 2007 2990 posse
2027 2950 2072 2979 ut
2091 2938 2193 2979 circe
2210 2940 2345 2989 plane-

1289 3001 1369 3032 tam
1389 3002 1650 3045 congregetur
1668 2993 1839 3032 annulus
1861 2994 2017 3032 Saturni
2030 2993 2179 3032 annulo
2193 2994 2344 3037 similis,

1290 3048 1322 3085 si
1334 3060 1474 3098 nempe
1489 3055 1639 3086 cometa
1654 3048 1766 3099 cujus
1780 3048 1905 3086 cauda
1918 3060 1966 3085 ex
1978 3048 2183 3096 vaporibus
2197 3048 2345 3085 tenuis-

1288 3101 1396 3139 simis
1415 3109 1510 3139 aestu
1531 3101 1631 3139 Solis
1649 3101 1691 3138 in
1710 3101 1897 3150 perihelio
1913 3101 2069 3140 elevatis
2083 3101 2342 3150 componitur,

1287 3154 1338 3193 ad
1356 3155 1553 3205 planetam
1572 3155 1742 3206 aliquem
1760 3153 1931 3193 maxime
1949 3163 2148 3205 potentem
2167 3153 2343 3204 proxime

1556 3209 1639 3247 Hic
1671 3209 1778 3247 enim
1811 3222 2000 3258 vaporum
2029 3218 2178 3248 torrens
2205 3216 2344 3248 attrac-

1287 3261 1404 3300 tionis
1425 3261 1463 3300 vi
1491 3262 1541 3301 ad
1556 3261 1848 3315 *revolvendum
1866 3261 2187 3312 circe.planetam
2208 3262 2346 3300 annuli

1286 3315 1410 3354 instar
1441 3323 1570 3365 posset
1600 3315 1849 3367 detorqueri3
1879 3317 1959 3354 ime
1992 3316 2230 3366 impossibile
2263 3328 2345 3355 non

1286 3369 1388 3407 foret
1413 3368 1544 3418 ipsum
1572 3368 1727 3420 quoque
1745 3382 1886 3420 corpus
1904 3377 2066 3408 cometae
2085 3369 2185 3408 circe
2211 3369 2346 3419 plane-

1287 3431 1368 3461 tam
1405 3423 1487 3471 rapi
1525 3430 1564 3461 et
1603 3423 1657 3461 sic
1692 3423 1848 3473 planeta
1876 3424 2082 3462 satellitem
2115 3425 2341 3475 acquireret.

1291 3477 1468 3515 Haberet
1485 3484 1616 3515 autem
1635 3477 1792 3526 planeta
1807 3477 2013 3515 satellitem
2032 3478 2115 3515 sine
2133 3477 2294 3523 annulo,
2314 3478 2347 3514 si

1286 3538 1438 3568 cometa
1456 3530 1729 3569 destitueretur
1747 3529 1885 3577 cauda,
1915 3531 1984 3569 sed
2004 3530 2209 3582 adjicietur
2227 3532 2348 3568 etiam

1286 3582 1469 3628 annulus,
1499 3584 1531 3622 si
1559 3592 1712 3622 cometa
1729 3585 1897 3622 caudam
1915 3585 2105 3629 habuerit,
2135 3584 2252 3635 atque
2276 3598 2345 3622 an-

1288 3637 1408 3675 nulus
1432 3637 1556 3677 aderit
1582 3637 1666 3675 sine
1690 3637 1868 3685 satellite,
1889 3637 1925 3685 si
1954 3638 2078 3676 cauda
2105 3638 2298 3676 duntaxat
2325 3652 2347 3675 a

1287 3688 1445 3741 planeta
1480 3691 1706 3730 attrahatur.
1768 3692 1872 3729 Haec
1908 3700 2000 3730 sunt
2028 3705 2117 3743 quae
2148 3692 2198 3730 ad
2240 3694 2346 3730 hunc

1295 3744 1480 3782 Newtoni
1507 3743 1638 3783 locum
1667 3743 1863 3794 praecipue
1883 3746 2133 3792 referuntur3
2162 3754 2347 3783 caeterum

1290 3799 1330 3835 in
1351 3797 1519 3836 laudatis
1545 3798 1745 3847 opusculis
1764 3799 2052 3850 elegantissima
2069 3808 2162 3838 sunt
2185 3800 2346 3839 Proble-

1291 3860 1395 3891 mata
1413 3865 1501 3903 quae
1519 3851 1697 3891 consulat
1715 3852 1845 3891 lector.
