2540 4296
298 210 399 255 100
768 201 1336 257 PHILOSOPHIAE
1374 204 1693 259 NATURA
1706 206 1826 261 LIS
1901 209 2017 272 [DE
2047 209 2249 262 Mum).
2280 211 2432 265 Svsrr.

296 342 360 409 (¹³)
404 342 473 393 Et
512 342 633 394 inde
677 342 842 394 oritur
886 343 986 394 alia
1025 343 1183 395 medii
1226 343 1396 396 motfis
1422 345 1616 398 lunaris
1656 347 1894 416 aequatio,
1941 366 2095 417 quam
2136 359 2433 402 semestrem

294 431 572 483 secundam
598 425 812 495 vocabo,
854 450 1074 502 quaeque
1096 433 1324 484 maxima
1350 444 1427 485 est
1451 434 1541 485 ubi
1566 435 1691 486 nodi
1734 435 1789 486 in
1833 436 1966 488 Solis
2004 438 2292 490 octantibus
2317 457 2432 490 ver—

293 531 486 584 santur,
513 530 565 572 et
590 521 848 573 evanescit
872 521 963 573 ubi
989 532 1110 574 sunt
1132 522 1188 573 in
1213 523 1433 593 syzygiis
1459 523 1540 575 vel
1566 525 1909 594 quadraturiS,
1951 534 2002 577 et
2036 526 2091 577 in
2127 527 2238 578 aliis
2263 528 2429 579 nodo-

289 630 406 664 rum
431 612 770 680 positionibus
796 614 1197 682 proportionalis
1237 625 1313 666 est
1351 615 1485 665 sinui
1512 615 1684 684 duplae
1709 616 1962 668 distantiae
1988 619 2112 669 nodi
2136 619 2428 671 alterutrius

289 720 320 753 a
344 699 583 769 proxima
610 701 818 773 syzygia
844 712 933 754 aut
959 704 1270 774 quadratura
1293 724 1304 755 :
1348 703 1407 773 (⁰)
1447 703 1654 757 auditur
1678 705 1801 759 vern
1827 707 1999 758 medio
2034 709 2198 760 motui
2236 709 2421 772 Lunae,

288 791 329 841 si
382 791 472 843 Sol
522 791 675 843 distat
724 811 755 843 a
788 793 928 844 nodo
972 795 1069 846 sibi
1116 795 1357 863 proximo
1401 794 1455 844 in
1499 796 1867 860 antecedentia,
1928 799 2231 850 subducitur
2280 800 2323 850 si
2369 800 2425 851 in

288 883 685 951 consequentia3
737 893 788 935 et
829 885 883 934 in
927 885 1235 947 octantibUS,
1277 885 1365 936 ubi
1413 884 1640 937 maxima
1689 896 1782 950 est,
1835 888 2064 940 ascendit
2100 888 2167 939 ad
2204 891 2320 943 47¹².
2370 889 2426 938 in

285 973 534 1024 mediocri
586 974 720 1026 Solis
764 974 1004 1027 distantia
1034 995 1076 1027 va
1120 975 1304 1039 Terra,
1351 974 1415 1044 (d)
1454 975 1529 1026 uti
1566 992 1635 1028 ex
1670 976 1869 1029 theoria
1913 979 2175 1049 gravitatis
2216 979 2421 1048 colligo·

338 1115 394 1168 (b)
428 1119 449 1140 ‘¹‘
473 1118 528 1155 Et
551 1119 636 1156 inde
655 1121 776 1158 oritur
793 1121 870 1157 alia
889 1120 1003 1157 medii
1026 1116 1151 1157 mitris
1176 1120 1330 1157 lunaris

283 1171 458 1219 aequatio.
507 1171 643 1222 Hujus
657 1171 883 1221 aequationis
895 1171 1150 1221 quantitatem
1169 1180 1207 1209 et
1225 1171 1335 1223 leges

287 1222 420 1260 Probl·
444 1222 531 1261 III.
554 1224 691 1262 calculi
711 1224 812 1262 tertii
833 1226 936 1276 (pag-
964 1222 1045 1273 85.)
1066 1223 1325 1273 exposuin1u5‚

484 1282 507 1314 3
532 1278 582 1314 A.
607 1278 650 1315 F.
674 1278 689 1314 l
707 1279 725 1300 ²
826 1282 849 1314 2
866 1289 891 1312 n
906 1289 948 1312 m

483 1344 506 1376 8
530 1340 568 1377 S.
594 1340 644 1377 V.
669 1353 691 1378 a
708 1353 728 1377 r
750 1314 792 1356 Χ
876 1354 897 1378 r

281 1394 425 1433 mendo
443 1394 457 1432 l
475 1405 545 1444 pro
564 1393 650 1430 sinu
668 1393 927 1432 inclinationis
953 1394 1105 1441 orbitae,
1128 1403 1166 1433 et
1185 1407 1212 1432 n
1231 1403 1269 1432 et
1286 1408 1327 1432 m

282 1460 352 1496 pro
370 1448 459 1486 sinu
478 1455 516 1485 et
534 1446 668 1483 cosinu
688 1446 881 1485 distantiae
901 1448 1093 1487 nodorum
1113 1461 1135 1486 a
1154 1447 1322 1499 syzygia.

528 1503 553 1536 2
568 1511 599 1601 ἶ
613 1511 652 1535 m
672 1532 720 1569 sit
739 1532 850 1571 sinus
867 1533 999 1583 duplae
1018 1534 1208 1572 distantiae
1234 1533 1328 1572 nodi

279 1630 304 1655 a
335 1617 501 1669 syzygia,
537 1617 664 1655 caeteri
683 1618 773 1657 vero
804 1620 959 1657 termini
991 1620 1068 1659 sint
1094 1628 1325 1667 constantes,

281 1672 366 1709 haec
384 1673 550 1722 aequatio
569 1678 626 1709 est
644 1672 814 1710 maxima
833 1676 897 1712 ubi
916 1677 1008 1713 nodi
1027 1677 1070 1714 in
1089 1676 1183 1713 Solis
1198 1682 1328 1713 octan-

280 1726 379 1763 tibus
396 1733 613 1771 versantur,
643 1732 683 1762 et
701 1727 891 1765 evanescit
917 1730 982 1766 ubi
999 1736 1092 1767 sunt
1110 1730 1153 1767 in
1171 1730 1328 1778 syzygiis

280 1781 336 1817 vel
354 1780 603 1829 quadraturis
634 1785 672 1816 et
703 1780 746 1818 in
764 1782 846 1818 aliis
865 1784 1052 1820 nodorum
1079 1783 1328 1831 positionibus

271 1834 562 1881 proportionalis
593 1839 646 1870 est
678 1834 783 1871 sinui
811 1837 940 1884 duploe
970 1837 1161 1874 distantiae
1187 1836 1277 1873 nodi
1303 1848 1327 1872 a

279 1883 448 1936 syzygia',
468 1886 538 1923 &c.
591 1940 597 1945 .

334 1937 391 1989 (⁰)
411 1941 448 1965 =*
470 1940 642 1977 Additur
659 1938 741 1978 verb
760 1943 879 1979 medio
897 1943 1016 1980 motui
1034 1943 1179 1987 Lance,
1207 1942 1240 1979 si
1268 1942 1328 1979 Sol

277 1992 391 2030 distat
409 2006 433 2029 α
451 1995 548 2031 nodo
567 1994 634 2031 sibi
644 1995 816 2041 promimo
835 1996 877 2033 in
896 1997 1164 2038 antecedentia,
1184 1996 1326 2033 subdu-

279 2046 380 2083 citur
406 2047 440 2084 εἰ
465 2048 508 2084 in
537 2048 815 2096 consequentia.
874 2047 940 2085 Ex
970 2047 1120 2086 actione
1153 2046 1253 2085 Solis
1284 2046 1325 2083 in

280 2098 451 2145 Lunam,
475 2099 593 2137 Luna
619 2099 846 2146 retardatur,
876 2114 923 2138 ex
951 2100 1207 2139 diminutione
1233 2098 1324 2138 vero

278 2151 362 2201 ejus
393 2152 554 2190 actionis
574 2160 727 2201 propter
758 2153 1023 2203 obliquitatem
1051 2153 1155 2203 plani
1175 2153 1321 2197 orbitae,

276 2204 436 2251 lunaris,
467 2206 698 2244 diminuitur
727 2206 809 2244 haec
839 2208 966 2245 Lunae
998 2207 1215 2252 retardatio,
1249 2207 1323 2243 hoc

276 2265 334 2296 est
365 2259 590 2297 acceleratio
621 2259 801 2309 quaedam
833 2260 955 2298 oritur
972 2267 1146 2309 respectu
1179 2259 1319 2304 motus,

277 2311 357 2361 qui,
387 2312 528 2350 omissa
545 2313 617 2349 hac
642 2312 956 2360 consideratione,
986 2315 1113 2352 fuerat
1139 2312 1320 2351 determi-

276 2371 417 2410 natus;
447 2365 650 2404 mediocris
677 2366 901 2406 acceleratio
919 2368 1010 2405 hinc
1038 2374 1138 2414 nata,
1169 2374 1208 2405 et
1233 2378 1321 2417 quae

276 2416 493 2456 includitur
523 2419 564 2456 in
596 2418 725 2457 medio
751 2428 863 2458 motu
892 2420 991 2460 Solis
1018 2428 1074 2459 est

986 1309 1215 1355 invenimus,
1260 1323 1326 1348 su-

282 1307 468 1359 illamque

287 1532 397 1570 Hinc
415 1531 508 1570 cum

334 2503 345 2511 .
437 2474 540 2510 5A0
565 2473 684 2510 F.12
783 2486 848 2510 ru

277 2504 423 2554 ubique
441 2540 465 2572 2
482 2535 522 2572 S·
546 2536 647 2572 var
665 2537 684 2558 2
709 2509 751 2551 Χ
781 2527 861 2575 -ἶῖ,
890 2519 979 2545 vera
1003 2519 1072 2544 au·

742 2597 769 2630 5
791 2593 842 2630 A.
871 2592 914 2630 F.
938 2594 992 2630 12

276 2628 358 2659 tem
395 2620 622 2660 acceleratlo
653 2629 711 2660 est
743 2647 994 2694 W
1026 2630 1068 2672 ><

284 2741 424 2787 ANQ·
458 2741 577 2781 Unde
590 2742 755 2792 aequatio
769 2750 825 2780 est
837 2710 1010 2813 Ξζὲ
1020 2711 1073 2811 1¹:

282 2862 329 2907 ><
349 2839 432 2931 (¹222²
448 2881 503 2891 —
525 2859 565 2898 A
583 2860 623 2899 N
640 2859 697 2910 Q)
717 2872 785 2910 per
812 2861 943 2900 Probl.
977 2860 1066 2899 111.

278 2946 417 2986 calculi
443 2947 546 2986 tertii
575 2948 681 2999 (pag.
706 2951 771 2994 85,
800 2953 839 2984 et
865 2945 965 2996 seq.)
989 2946 1074 2997 jam

278 3033 409 3085 itaque
426 3034 459 3071 si
477 3013 538 3104 ’.ἶ-υ
558 3033 608 3072 sit
625 3033 748 3085 major
765 3030 884 3083 quam
909 3032 948 3070 A
970 3032 1011 3070 N
1034 3033 1075 3078 Q

278 3120 384 3171 quod
403 3120 530 3158 evenit
541 3120 581 3157 in
593 3127 676 3157 toto
689 3117 900 3169 quadrante
915 3118 953 3155 A
968 3118 1009 3155 N
1025 3118 1071 3166 C,

278 3173 504 3212 acceleratio
522 3172 727 3212 mediocris
745 3178 802 3210 est
829 3172 952 3223 major
969 3169 1072 3218 vera,

280 3235 319 3265 et
348 3227 466 3265 Luna
484 3226 610 3278 magis
641 3224 865 3275 processisse
896 3233 1074 3263 censetur

279 3278 399 3332 quam
427 3293 558 3318 revera
574 3280 769 3328 processit,
798 3277 890 3316 hinc
908 3278 981 3317 ista
999 3278 1074 3316 dif-

405 3365 416 3374 .
475 3339 498 3371 3
522 3335 571 3370 A.
595 3333 637 3371 F.
663 3333 676 3369 l
696 3335 714 3356 2
813 3342 874 3368 ru

277 3366 443 3404 ferentla
470 3387 714 3436 W
738 3352 871 3434 Χ(-2-·
905 3386 959 3394 —
992 3365 1029 3401 A
1066 3364 1107 3401 N
1138 3362 1200 3416 Q)
1214 3362 1327 3400 debet

280 3451 428 3489 detrahi
456 3464 504 3490 ex
533 3437 617 3502 ejus
634 3451 720 3488 loco
738 3449 896 3489 invento
923 3456 968 3487 ut
986 3462 1099 3487 verus
1126 3449 1233 3487 locus
1258 3447 1328 3485 ha-

279 3506 428 3551 beatur,
459 3505 502 3542 in
531 3505 604 3542 hoc
636 3511 767 3542 autem
796 3516 888 3541 casu
924 3503 989 3541 Sol
1018 3503 1085 3553 qui
1113 3507 1259 3552 puncto
1281 3500 1327 3538 A

279 3558 510 3607 respondere
521 3558 711 3602 censetur,
733 3564 790 3595 est
808 3557 847 3594 in
869 3556 1143 3607 consequentia
1155 3561 1329 3604 respectu

281 3611 451 3704 nocllgulss
469 3664 560 3703 vero
579 3665 621 3704 N
633 3672 807 3703 versatur
824 3664 925 3703 inter
942 3663 975 3702 C
995 3671 1035 3701 et
1056 3664 1106 3711 B,
1126 3669 1164 3701 et
1182 3673 1210 3698 n
1227 3659 1329 3698 inter

285 3751 322 3787 A
343 3758 383 3789 et
403 3752 458 3799 D,
487 3759 583 3790 tunc
611 3730 674 3822 {23
691 3758 749 3790 est
770 3750 898 3790 minor
914 3748 1034 3801 quam
1065 3750 1104 3788 A
1127 3749 1166 3788 N
1190 3748 1242 3794 Q,
1265 3746 1326 3785 *sic

281 3835 410 3889 itaque
445 3838 670 3877 acceleratio
709 3836 915 3876 mediocris
949 3844 1008 3875 est
1042 3834 1171 3874 minor
1206 3831 1323 3885 quam

2193 1127 2218 1160 3
2240 1122 2293 1159 A.
2320 1120 2423 1158 Fl²

2195 1188 2423 1225 QS·V·ar2

1379 1272 1420 1314 Χ
1438 1246 1578 1337 (32¹-
1592 1267 1631 1303 A
1646 1266 1688 1304 N
1706 1266 1765 1317 Q)
1786 1268 1877 1307 addi
1896 1268 2010 1308 debet
2027 1269 2113 1307 loco
2131 1270 2259 1309 medio
2279 1272 2420 1316 Lunae,

1381 1359 1475 1391 tunc
1487 1362 1616 1392 autem
1633 1354 1697 1393 Sol
1717 1354 1758 1392 in
1776 1356 1815 1393 A
1835 1362 1892 1393 est
1910 1355 1950 1393 in
1969 1355 2234 1406 antecedentia
2248 1365 2424 1407 respectu

1380 1406 1471 1443 nodi
1490 1408 1654 1455 proximi
1674 1421 1712 1445 n.

1434 1464 1470 1497 3.
1533 1460 1645 1497 Dum
1666 1461 1708 1498 N
1726 1468 1898 1500 versatur
1917 1462 2018 1500 inter
2039 1463 2074 1501 B
2095 1470 2134 1501 et
2154 1464 2196 1501 D
2216 1470 2255 1501 et
2273 1476 2300 1501 n
2318 1464 2361 1502 in
2382 1465 2422 1503 A

1380 1552 1419 1583 et
1449 1545 1481 1583 C
1509 1525 1574 1615 Ξέ
1594 1545 1745 1585 excedit
1766 1548 1804 1586 A
1826 1548 1868 1585 N
1891 1548 1953 1595 Q3
1974 1547 2054 1585 sive
2072 1558 2202 1586 motus
2219 1549 2424 1588 mediocris

1383 1149 1612 1189 acceleratio
1632 1163 1730 1197 vera,
1759 1149 1925 1203 ideoque
1951 1151 2167 1191 differentia

1380 1631 1530 1669 excedit
1548 1642 1680 1669 verum
1697 1646 1709 1679 3
1732 1631 1895 1671 subduci
1913 1632 2043 1683 itaque
2061 1633 2173 1671 debet
2192 1634 2421 1681 differentia,

1381 1692 1438 1722 est
1456 1683 1548 1723 vero
1580 1685 1622 1721 in
1654 1697 1700 1723 eo
1733 1698 1826 1724 casu
1848 1685 1915 1725 Sol
1939 1687 1985 1723 in
2015 1687 2053 1724 A
2081 1687 2123 1723 in
2150 1689 2423 1739 consequentia
2492 1690 2495 1693 “

1381 1746 1556 1787 respectu
1577 1737 1668 1776 nodi
1687 1752 1727 1777 n.

1437 1851 1618 1902 Denique
1637 1852 1732 1891 dum
1753 1854 1796 1891 N
1814 1860 1870 1892 est
1888 1853 1988 1891 inter
2009 1854 2049 1892 D
2070 1862 2108 1892 et
2131 1855 2181 1897 A,
2212 1835 2279 1925 3²
2297 1854 2424 1894 minor

1381 1945 1437 1976 est
1455 1937 1571 1988 quam
1596 1940 1633 1976 A
1651 1940 1692 1977 N
1710 1939 1763 1984 Q,
1784 1939 1874 1977 addi
1888 1940 2017 1990 itaque
2031 1939 2145 1978 debet
2159 1941 2323 1992 aequatio
2337 1941 2423 1981 loco

1380 1992 1509 2029 medio
1526 1992 1664 2038 Lunae,
1685 1999 1724 2030 et
1746 1993 1811 2031 Sol
1830 2001 1887 2031 est
1905 1993 1947 2030 in
1965 1992 2230 2032 antecedentia
2246 2003 2421 2044 respectu

1380 2045 1474 2082 nodi
1496 2046 1549 2082 N·

1426 2099 1534 2149 Ergo
1549 2099 1713 2148 aequatio
1724 2095 1951 2143 subdffcitur
1966 2112 2011 2136 ex
2026 2100 2156 2138 medio
2167 2107 2276 2138 motu
2292 2101 2420 2139 Lunae

1378 2151 1469 2188 cum
1492 2151 1557 2189 Sol
1576 2160 1632 2189 est
1649 2153 1689 2189 in
1709 2152 1981 2202 consequentia
1993 2161 2166 2201 respectu
2181 2154 2274 2191 nodi
2289 2155 2419 2203 proxi-

1378 2205 1444 2250 mi,
1466 2204 1620 2242 additur
1639 2204 1729 2243 ver&
1756 2206 1791 2243 ei
1819 2206 1943 2243 motui
1961 2205 2054 2243 cum
2077 2207 2141 2244 Sol
2169 2215 2225 2244 est
2244 2207 2283 2243 in
2312 2216 2422 2246 ante-

1381 2257 1568 2296 cedentia·

1430 2310 1482 2359 (d)
1514 2314 1535 2334 ³⁴²
1566 2313 1632 2350 Uti
1657 2325 1699 2350 ea·
1725 2310 1863 2351 theoria
1883 2314 2021 2362 colligo.
2085 2313 2269 2352 Calculus
2287 2321 2416 2353 noster

1379 2363 1520 2402 Coroll.
1542 2364 1672 2403 Probl.
1689 2364 1778 2403 ΙΙΙ.
1792 2372 2006 2412 contentus,
2023 2366 2277 2418 aequationem
2292 2368 2416 2405 maxi-

1379 3359 1484 3385 mam
1501 3346 1614 3387 45'26
1633 3348 1799 3396 exhibet,
1818 3347 1884 3399 qui
1905 3359 2090 3386 numerus
2108 3353 2165 3384 est
2182 3344 2277 3383 adeo
2291 3343 2417 3405 proxi-

1380 3412 1469 3438 mus
1501 3409 1664 3439 numero
1697 3401 1781 3440 47⁰.
1820 3412 1947 3452 quem·
1969 3413 2017 3439 ex
2048 3398 2193 3438 theoria
2224 3397 2419 3448 gravitatis

1382 3453 1538 3505 collegit
1569 3455 1797 3501 Newtonus‚
1825 3462 1870 3492 ut
1897 3453 2051 3493 credere
2076 3452 2188 3490 facile
2215 3453 2263 3488 sit
2290 3451 2416 3498 ipsum

1382 3508 1488 3544 hunc
1516 3519 1724 3546 numerum
1750 3521 1797 3546 ex
1824 3507 1970 3546 theoria
1998 3505 2192 3558 gravitatis
2219 3503 2418 3553 collegisse

1383 3560 1428 3597 ea
1438 3560 1633 3608 ·proxime
1660 3561 1806 3599 ratione
1832 3574 1919 3611 quae
1946 3561 1987 3597 in
2015 3558 2163 3597 calculo
2192 3559 2299 3607 (pag·
2330 3555 2415 3605 83.)

1381 3614 1596 3659 adhibetur,
1626 3614 1881 3653 differentiola
1907 3614 2011 3651 enim
2030 3611 2206 3649 ista-oriri
2229 3616 2352 3657 potest
2370 3622 2415 3646 ex

1382 3680 1429 3705 eo
1455 3667 1574 3718 quod,
1606 3667 1664 3706 vel
1691 3667 1882 3719 angulum
1908 3664 2166 3705 inclinationis
2184 3663 2329 3724 orbitae,
2357 3662 2418 3699 vel

1379 3721 1633 3771 quantitatem
1664 3722 1712 3759 M
1739 3720 1882 3759 mensis
1899 3718 2082 3770 periodici
2109 3717 2203 3755 citra
2228 3722 2418 3778 actionem

1382 3774 1483 3812 Solis
1514 3774 1755 3822 considerati,
1788 3773 1906 3825 paulo
1930 3772 2115 3823 majorem
2142 3770 2275 3808 fecerit
2300 3779 2417 3819 quam

1378 3839 1462 3866 nos.
