2540 4296
257 274 356 320 148
762 264 1334 319 PHILOSOPHIAE
1372 262 1829 318 NATURALIS
1883 264 2001 328 [DE
2022 263 2226 317 MUND.
2247 264 2400 317 SYs'r.

253 409 613 460 observatione
637 405 805 476 prima
832 424 893 457 ac
917 406 1067 458 tertia
1092 406 1506 477 quamproxime,
1536 407 1579 459 si
1603 404 1761 458 modo
1790 404 1837 457 B
1863 404 1928 457 sit
1958 405 2103 458 locus
2129 406 2238 475 ejus
2264 405 2403 458 recte

252 506 547 565 assumptus
573 495 628 545 in
653 495 1013 546 observatione
1038 493 1279 546 secunda.

327 585 416 637 Ad
443 586 494 636 A
525 584 569 634 C
594 582 843 633 bisectam
882 583 937 633 in
975 583 1004 634 I
1030 583 1172 654 erige
1208 580 1639 651 perpendiculum
1666 581 1692 633 I
1717 581 1751 633 i.
1829 580 1934 632 Per
1956 589 2209 649 punctum
2235 580 2283 632 B
2309 599 2405 651 age

257 676 513 728 occultam
542 674 625 725 Bi
651 673 750 741 ipsi
776 673 829 725 A
851 674 895 726 C
920 673 1236 742 parallelam.
1289 673 1462 743 Junge
1479 672 1733 723 occultam
1762 671 1837 723 Si
1863 679 2121 721 secantem
2148 670 2197 721 A
2221 670 2266 721 C
2285 670 2339 721 in
2356 680 2403 732 λ,

255 775 308 818 et
345 764 549 832 comple
584 763 1131 833 parallelogrammum
1167 762 1186 812 i
1213 762 1240 813 I
1261 758 1299 809 7λ
1319 782 1372 822 μ.
1452 760 1596 828 Cape
1634 760 1661 811 I
1688 780 1710 809 σ
1734 759 1988 829 aequalem
2027 767 2057 809 3
2086 758 2112 809 I
2139 766 2188 820 λ,
2227 767 2278 809 et
2311 776 2406 826 per

254 853 433 906 Solem
460 852 496 904 S
523 869 620 922 age
645 850 902 902 occultam
928 871 950 900 σ
975 851 1004 916 ξ
1028 848 1282 920 aequalem
1309 855 1339 900 3
1370 848 1408 900 S
1435 865 1457 896 σ
1489 854 1541 908 ÷
1580 855 1609 900 3
1636 847 1655 897 i
1679 856 1727 899 λ.
1802 847 1874 898 Et
1898 845 2080 898 deletis
2109 846 2220 916 jam
2245 845 2405 898 literis

257 1909 324 1970 A,
356 1908 420 1971 E,
453 1908 517 1971 C,
546 1908 590 1971 Ι,
620 1927 649 1960 a
674 1916 871 1977 puncto
900 1907 948 1959 B
973 1924 1150 1958 versus
1176 1916 1430 1976 punctum
1455 1908 1484 1972 ξ
1509 1906 1611 1958 duc
1636 1906 1890 1959 occultam
1912 1925 2102 1959 novam
2129 1907 2176 1958 B
2205 1906 2268 1968 E,
2297 1922 2415 1974 quae

263 2005 329 2056 sit
365 2004 433 2055 ad
467 2004 699 2073 priorem
739 2003 874 2056 B.E
910 2003 966 2054 in
1002 2002 1266 2071 duplicata
1302 2003 1501 2055 ratione
1538 2003 1796 2054 distantiae
1836 2003 1882 2054 B
1913 2002 1950 2054 S
1987 2000 2054 2051 ad
2080 1996 2413 2068 quantitatem

261 2095 299 2145 S
323 2115 360 2155 μ
393 2101 446 2155 -1-
481 2094 511 2157 ὲ
537 2093 556 2144 i
582 2103 630 2144 λ.
706 2092 778 2145 Et
813 2110 909 2161 per
944 2101 1199 2161 punctum
1225 2092 1273 2143 E
1305 2092 1495 2143 iterum
1521 2091 1623 2143 duc
1648 2103 1841 2142 rectam
1867 2092 1919 2142 A
1946 2089 1993 2140 E
2023 2088 2069 2139 C
2094 2085 2275 2138 eadem
2301 2084 2416 2153 lege

259 2202 320 2235 ac
355 2184 517 2253 prius,
556 2184 612 2235 id
650 2193 741 2247 est,
781 2184 854 2234 ita
892 2192 952 2234 ut
988 2183 1096 2252 ejus
1133 2191 1306 2250 partes
1333 2183 1385 2233 A
1413 2182 1460 2233 E
1486 2192 1538 2233 et
1575 2182 1621 2233 E
1651 2182 1696 2234 C
1722 2182 1822 2233 sint
1847 2181 1915 2232 ad
1939 2180 2176 2240 invicem,
2205 2187 2263 2227 ut
2287 2186 2416 2227 tem-

254 2293 386 2343 pora
433 2276 570 2327 inter
619 2275 1007 2327 observationes
1056 2273 1108 2325 V
1156 2282 1208 2325 et
1257 2273 1352 2325 W.
1455 2273 1527 2324 Et
1570 2282 1721 2324 erunt
1759 2272 1812 2323 A
1855 2281 1908 2323 et
1953 2270 1998 2323 C
2042 2268 2159 2320 loca
2200 2259 2450 2319 cometae⁴
2506 2311 2517 2332 ,

258 2366 315 2434 (⁸)
343 2365 509 2436 magis
536 2363 793 2417 accurate.

258 2518 306 2551 ut
328 2511 354 2550 S
378 2512 419 2550 R
438 2513 458 2535 2
477 2512 527 2550 ad
550 2512 577 2551 S
596 2518 613 2550 t
630 2514 665 2558 2,
686 2519 725 2550 et
742 2511 865 2560 spatia
881 2509 1018 2549 eodem
1037 2516 1223 2559 tempore,
1248 2521 1318 2547 ur·
1368 2507 1596 2559 trajectoriae
1622 2521 1705 2547 suae
1735 2520 1870 2547 arcum
1899 2506 2156 2554 interceptum
2187 2502 2289 2541 inter
2320 2500 2413 2539 duas

261 2565 445 2616 gentibus
463 2565 539 2602 illis
557 2566 703 2603 viribus
720 2565 901 2603 deorsum
920 2577 1051 2602 versus
1073 2564 1216 2610 Solem,
1246 2562 1315 2600 de·
1369 2562 1635 2613 longitudines
1664 2563 1700 2600 T
1726 2563 1775 2606 A,
1809 2562 1846 2600 T
1874 2561 1920 2607 C,
1948 2557 2114 2608 ideoque
2142 2565 2333 2606 punctum
2365 2555 2415 2598 R,

257 2619 412 2670 scripta,
433 2627 525 2658 sunt
542 2622 643 2657 inter
661 2632 701 2657 se
719 2627 765 2657 ut
784 2618 880 2656 vires
901 2618 1034 2671 (Lem.
1057 2618 1112 2657 X.
1132 2617 1220 2656 Lib.
1243 2616 1312 2667 1.);
1369 2623 1426 2654 est
1453 2616 1493 2653 in
1526 2615 1637 2654 arcus
1663 2615 1773 2653 istius
1800 2613 1954 2653 chorda.
2017 2611 2134 2651 Unde
2153 2611 2183 2649 si
2211 2618 2290 2647 tam
2309 2618 2419 2645 arcus

1369 2668 1593 2719 trajectoriae
1616 2670 1657 2713 Q,
1675 2670 1714 2707 R
1728 2681 1752 2718 q
1770 2668 1871 2706 binis
1889 2665 2197 2717 longitudinibus
2211 2664 2247 2701 T
2263 2662 2314 2707 A,
2333 2661 2370 2698 T
2384 2660 2416 2699 C

1298 2716 1316 2724 ⁴
1369 2722 1563 2760 terminati
1591 2721 1708 2772 quam
1736 2721 1871 2770 puncti
1899 2734 1931 2765 e,
1962 2718 2228 2766 concipiantur
2260 2714 2419 2764 vestigia

1369 2775 1607 2813 normalibus
1638 2775 1688 2812 ad
1719 2775 1879 2823 planum
1916 2772 2101 2821 eclipticae
2133 2769 2306 2807 demissis
2341 2766 2418 2816 sig-

1369 2836 1471 2874 nata,
1493 2828 1633 2877 nempe
1656 2829 1707 2873 A,
1732 2829 1781 2874 B,
1806 2828 1839 2866 C
1859 2834 1897 2865 et
1919 2827 1970 2870 E,
2001 2826 2072 2863 erit
2090 2830 2281 2872 punctum
2311 2821 2348 2858 E
2377 2819 2418 2856 in

1370 2880 1514 2919 chorda
1532 2881 1642 2920 arcus
1663 2883 1701 2919 A
1725 2882 1760 2919 B
1778 2881 1823 2919 C.
1887 2879 1961 2917 Sed
1980 2877 2123 2916 chorda
2140 2875 2251 2913 arcus
2275 2875 2310 2912 A
2331 2874 2365 2911 B
2382 2873 2415 2911 C

1370 2935 1553 2972 dividitur
1579 2948 1603 2972 a
1628 2934 1731 2972 recta
1762 2934 1788 2972 S
1811 2934 1846 2972 B
1875 2933 1955 2971 fere
1975 2933 2015 2969 in
2034 2931 2182 2969 ratione
2199 2936 2418 2977 temporum

1369 2988 1510 3038 quibus
1529 2996 1677 3025 cometa
1704 2988 1753 3025 ad
1782 2987 1997 3035 eclipticam
2017 2985 2210 3028 reductuS‚
2240 2980 2419 3020 describit

1369 3053 1481 3079 arcus
1504 3042 1540 3079 A
1565 3042 1612 3085 B,
1639 3042 1673 3079 B
1697 3042 1744 3087 C,
1776 3040 1909 3092 (165.)
1939 3047 1977 3078 et
2007 3044 2092 3089 (per
2110 3035 2272 3085 constr.)
2293 3036 2332 3072 in
2352 3031 2417 3071 ea-

1370 3094 1460 3131 dem
1478 3094 1625 3133 ratione
1652 3094 1837 3132 dividitur
1863 3101 1967 3131 recta
1994 3093 2031 3130 A
2057 3092 2103 3136 C,
2133 3089 2317 3138 nullaque
2343 3087 2419 3125 alia

1370 3148 1473 3185 hisce
1491 3148 1776 3185 conditionibus
1796 3154 1918 3196 potest
1936 3146 2162 3184 satisfacere.
2222 3141 2325 3181 Cum
2346 3140 2418 3191 igi-

1370 3209 1435 3239 tur
1466 3209 1639 3249 oporteat
1668 3201 1851 3239 chordam
1885 3199 1996 3238 arcfis
2027 3198 2107 3248 qui¹
2127 3206 2184 3235 est
2212 3194 2417 3244 vestigium

1370 3255 1556 3303 portionis
1594 3254 1820 3306 trajectoriae
1857 3254 1955 3291 inter
1991 3250 2253 3300 longitudines
2292 3249 2328 3286 T
2365 3249 2416 3293 A,

1373 3309 1410 3345 T
1433 3309 1464 3345 C
1485 3308 1715 3357 interceptae,
1737 3321 1760 3346 a
1779 3309 1891 3345 rectis
1913 3307 1949 3345 T
1971 3307 2021 3351 A,
2055 3306 2092 3343 T
2114 3305 2146 3343 C
2166 3301 2361 3341 terminari
2379 3307 2419 3338 et

1369 3374 1439 3410 per
1469 3362 1504 3399 Ε
1533 3362 1692 3400 transire
1719 3369 1757 3399 et
1780 3360 1820 3398 in
1849 3361 1886 3398 E
1906 3359 2024 3397 dividi
2044 3359 2084 3395 in
2102 3357 2249 3395 ratione
2267 3363 2417 3403 tempo-

1370 3427 1472 3461 rum,
1503 3414 1671 3464 cumque
1690 3423 1793 3452 recta
1824 3415 1861 3451 A
1887 3414 1919 3452 C
1948 3413 2061 3450 hasce
2079 3410 2319 3449 conditiones
2338 3407 2418 3445 sola

1370 3475 1410 3505 et
1437 3469 1553 3506 unica
1579 3468 1760 3513 obtineat,
1790 3466 1948 3504 evidens
1965 3474 2023 3504 est
2040 3471 2182 3502 rectam
2214 3464 2250 3500 A
2276 3462 2308 3500 C
2336 3473 2418 3498 esse

1370 3522 1551 3559 chordam
1566 3521 1738 3569 praedicti
1754 3519 1872 3564 arciis,
1890 3533 1935 3557 ac
1948 3516 2109 3569 proinde
2123 3523 2264 3565 puncta
2283 3515 2318 3551 A
2328 3522 2366 3552 et
2384 3514 2417 3552 C

1371 3583 1463 3611 sunt
1499 3572 1791 3624 quamproxime
1826 3573 1986 3623 vestigia
2023 3578 2183 3609 cometae
2223 3569 2264 3605 in
2301 3567 2418 3615 plano

1371 3627 1558 3676 eclipticae
1586 3628 1625 3664 in
1654 3626 1982 3665 observationibus
2013 3621 2138 3673 prima
2164 3630 2203 3660 et
2231 3619 2353 3663 tertia,
2384 3620 2416 3657 si

1370 3679 1489 3718 modo
1513 3681 1547 3718 B
1568 3680 1617 3718 sit
1643 3680 1752 3718 locus
1770 3681 1856 3731 ejus
1872 3676 1975 3717 recte
1993 3683 2210 3725 assumptus
2228 3675 2268 3711 in
2288 3676 2417 3711 obser-

257 3742 376 3791 quare
394 3737 498 3770 recta
518 3732 559 3770 R
577 3745 612 3778 e,
640 3739 697 3771 est
715 3733 882 3783 spatium
911 3746 980 3783 per
996 3733 1104 3785 quod
1124 3741 1275 3773 cometa
1293 3747 1316 3773 e
1371 3734 1523 3771 vatione
1541 3731 1723 3771 secunda.

257 3791 388 3834 quiete
424 3797 471 3822 ex
513 3786 553 3823 R
594 3785 783 3824 demissus
817 3800 950 3825 versus
990 3788 1122 3825 Solem
1161 3787 1317 3826 caderet
1428 3786 1482 3838 (⁸)
1504 3790 1525 3812 ἢ*
1548 3787 1677 3837 Magis
1694 3783 1887 3826 accuratb.
1949 3782 2145 3829 Quoniam
2168 3782 2253 3833 (per
2271 3788 2411 3818 constr.

257 3836 412 3873 semisse
431 3839 615 3886 temporis
631 3851 710 3889 quo
731 3840 853 3878 Terra
870 3839 1053 3879 describit
1071 3853 1207 3878 arcum
1230 3841 1267 3878 T
1285 3849 1313 3887 t,
1373 3839 1560 3889 praeced.)
1589 3847 1810 3888 assumptus
1836 3845 1894 3876 est
1916 3836 2025 3874 locus
2054 3836 2090 3874 B
2118 3847 2207 3872 vero
2227 3846 2303 3871 non
2324 3832 2415 3870 satis
2491 3843 2511 3857 ἰ’

257 3889 337 3939 ¹¹⁰0,
358 3896 428 3935 est,
457 3891 614 3929 semisse
641 3892 828 3942 temporis
854 3906 933 3944 quo
960 3901 1115 3932 cometa
1135 3892 1315 3932 describit
1372 3892 1584 3942 proximus,
1623 3901 1662 3931 et
1705 3892 1796 3931 licet
1839 3888 2015 3930 accurate
2051 3894 2229 3938 sumptus
2263 3886 2411 3932 fuisset,
2427 3885 2436 3895 ‘
2497 3889 2511 3921 ἢ
