2540 4296
66 274 566 339 L1BERTERT1us.]
613 272 1011 327 PRINCIPIA
1053 272 1667 328 MATHEMATICA.
2102 283 2194 328 161

65 419 195 471 Erat
221 418 286 471 M
311 418 458 470 stella
480 419 762 489 perexigua
788 436 904 487 quae
928 435 1023 486 per
1047 417 1380 486 telescopium
1399 418 1561 470 videri
1581 418 1668 469 vix
1691 417 1876 488 potuit,
1907 428 1958 469 et
1984 419 2032 469 L
2058 419 2205 470 stella

61 510 224 578 major
249 512 394 579 quasi
419 510 785 581 magnitudinis
813 518 1025 561 octavae.

131 599 237 650 Die
281 600 449 651 Lunae
493 599 652 651 Mart.
699 603 748 652 7.
773 598 887 648 hor.
914 604 979 668 95
1005 615 1055 665 p.
1082 616 1151 648 m.
1177 596 1374 648 cometa
1420 598 1670 650 existente
1708 598 1760 649 in
1805 599 1870 660 V,
1913 607 2053 649 recta
2095 599 2145 649 V
2171 621 2203 648 α

59 688 316 755 producta
341 688 590 740 transibat
613 687 747 737 inter
774 686 821 737 Β
849 696 901 737 et
929 686 988 748 F,
1017 685 1250 736 auferens
1275 705 1307 735 a
1333 684 1380 736 Β
1409 685 1453 736 F
1478 704 1654 737 versus
1684 686 1727 737 F
1751 688 1817 751 5¹5
1845 687 1891 737 Β
1921 687 1980 749 F,
2018 696 2069 737 et
2093 697 2202 740 erat

61 776 128 826 ad
153 787 346 828 rectam
372 777 422 827 V
444 778 481 836 β
505 786 560 827 ut
588 782 618 827 5
646 775 713 827 ad
738 782 789 826 4.
865 775 936 826 Et
962 775 1202 826 distantia
1236 784 1451 826 cometae
1476 794 1508 825 a
1531 775 1672 827 recta
1698 798 1729 825 α
1752 778 1788 837 β
1813 789 1923 829 erat
1943 781 1979 843 ’ᾗ
2008 778 2057 829 V
2080 780 2130 839 β.

138 865 237 916 Die
264 863 515 917 Mercurii
542 863 703 916 Mart.
731 871 783 916 9.
812 862 940 914 hora
968 866 1033 928 8ss
1059 880 1111 930 p.
1138 881 1207 913 m.
1235 861 1433 915 cometa
1461 864 1711 916 existente
1735 864 1789 915 in
1817 866 1891 928 X,
1919 875 2060 918 recta
2083 889 2117 934 7
2143 867 2200 918 X

58 952 270 1021 aequalis
306 961 415 1004 erat
451 953 482 1017 ὲ
508 972 539 1018 7
565 955 604 1015 6,
639 963 690 1003 et
723 950 1151 1020 perpendiculum
1186 950 1467 1003 demissum
1492 970 1523 1002 a
1549 952 1692 1004 stella
1720 956 1742 1002 6
1767 952 1835 1004 ad
1858 964 2051 1006 rectam
2084 978 2116 1023 7
2143 957 2200 1008 X

58 1053 168 1094 erat
191 1049 224 1115 ξ
247 1066 280 1110 7
305 1049 343 1095 6.

86 1121 91 1124 .
131 1131 331 1184 Eadem
373 1142 525 1185 nocte
564 1132 692 1185 hora
730 1139 812 1195 12,
860 1130 1061 1184 cometa
1095 1131 1347 1184 existente
1371 1133 1424 1183 in
1451 1133 1518 1196 Y,
1556 1143 1695 1185 recta
1718 1155 1751 1200 7
1776 1134 1827 1186 Y
1853 1136 2063 1205 aequalis
2091 1148 2202 1189 erat

55 1227 85 1291 ὲ
111 1245 143 1289 7
169 1227 208 1286 6,
238 1233 327 1275 aut
351 1225 507 1292 paulo
532 1223 720 1286 minor,
744 1220 871 1291 puta
892 1221 960 1286 ἐξ
984 1244 1017 1288 7
1041 1226 1079 1284 6,
1115 1231 1165 1272 et
1188 1221 1618 1289 perpendiculum
1643 1223 1923 1275 demissum
1950 1244 1981 1275 a
2006 1225 2150 1278 stella
2178 1231 2201 1276 6

54 1312 122 1362 ad
148 1323 338 1364 rectam
363 1335 396 1380 7
421 1313 473 1364 Y
499 1311 710 1381 aequalis
736 1319 845 1362 erat
879 1317 913 1378 ὲ
937 1330 969 1376 7
996 1314 1018 1358 6
1048 1309 1129 1360 vel
1162 1312 1195 1377 ⁷²?
1221 1331 1253 1375 7
1278 1313 1300 1358 6
1332 1310 1548 1362 circiter.
1627 1311 1731 1362 Sed
1758 1323 1958 1365 cometa
1983 1315 2051 1365 ob
2077 1316 2200 1366 vici-

51 1402 192 1452 niam
217 1401 497 1453 horizontis
523 1400 664 1454 cerni
689 1401 777 1452 vix
800 1400 984 1470 potuit,
1011 1418 1108 1452 nec
1134 1400 1278 1452 locus
1305 1401 1412 1469 ejus
1438 1411 1544 1454 tam
1569 1401 1805 1458 distincte
1831 1423 1890 1456 ac
1923 1405 1977 1457 in
2001 1425 2199 1476 praece-

49 1491 290 1543 dentibus
317 1492 539 1544 definiri.

123 1584 210 1636 Ex
233 1584 529 1654 hujusmodi
555 1583 998 1636 observationibus
1031 1602 1127 1652 per
1160 1584 1567 1638 constructiones
1593 1587 1880 1658 figurarum
1907 1598 1958 1640 et
1983 1607 2197 1659 compu-

46 1674 265 1725 tationes
310 1672 607 1725 derivabam
648 1673 710 1741 (a)
748 1672 1106 1743 'longitudines
1143 1682 1195 1724 et
1229 1673 1527 1725 latitudines
1565 1686 1795 1739 cometae,
1835 1686 1886 1728 et
1924 1677 2195 1731 Poundius

45 1770 222 1812 noster
258 1777 327 1811 ex
364 1760 606 1811 correctis
643 1748 869 1810 fixarum
904 1759 1032 1813 locis
1066 1760 1180 1813 loca
1218 1771 1433 1812 cometae
1470 1764 1711 1827 correxit,
1741 1774 1793 1817 et
1824 1764 1940 1818 loca
1965 1780 2196 1819 correcta

0 1907 1 1910 ,
43 1852 299 1903 habentur
339 1869 509 1919 supra.
584 1850 925 1903 Micrometro
964 1849 1152 1921 parum
1194 1851 1389 1904 affabre
1433 1865 1732 1909 constructo
1771 1876 1895 1910 usus
1932 1878 2060 1923 sum,
2103 1861 2195 1913 sed

42 1941 427 2012 longitudinum
452 1951 626 1992 tamen
652 1950 704 1992 et
726 1940 1060 1993 latitudinum
1094 1960 1294 1994 errores
1331 1947 1605 2013 (quatenus
1644 1966 1710 1999 ex
1747 1949 2192 2004 observationibus

42 2035 231 2085 nostris
269 2034 523 2099 oriantur)
562 2033 821 2084 minutum
856 2052 1021 2085 unum
1056 2033 1286 2103 primum
1310 2035 1399 2087 vix
1433 2048 1694 2105 superant.
1776 2040 1992 2093 Cometa
2019 2054 2191 2094 autem

44 2125 220 2193 (juxta
245 2123 630 2176 observationes
653 2123 878 2188 nostras)
906 2122 961 2173 in
985 2122 1090 2174 fine
1115 2121 1287 2176 motus
1314 2124 1393 2176 sui
1415 2125 1714 2178 notabiliter
1738 2126 2009 2182 deflectere
2035 2133 2192 2200 coepit

41 2213 255 2265 boream
279 2210 474 2276 νωδὰς,
503 2231 533 2263 a
557 2210 807 2283 parallelo
832 2229 987 2281 quem
1013 2211 1067 2262 in
1092 2210 1197 2263 fine
1219 2211 1409 2264 mensis
1438 2212 1707 2266 Februarii
1731 2225 1980 2270 tenuerat.

87 2412 143 2464 (Β)
161 2416 245 2452 149.
264 2415 285 2437 ⁴
300 2413 577 2461 Longitudsnes
588 2419 621 2450 et
636 2412 870 2450 latitudines.
904 2409 944 2447 Si
956 2410 1083 2447 obser·
1135 2408 1332 2458 telescopii
1359 2408 1512 2447 immoti
1532 2417 1601 2448 aut
1623 2410 1700 2449 alio
1718 2424 1965 2464 quocumque
1983 2413 2101 2452 modo
2120 2415 2188 2453 ob.

43 2474 183 2503 ventur
201 2464 390 2503 distantiae
417 2473 578 2502 cometae
596 2478 619 2502 a
637 2464 787 2502 duabus
805 2462 891 2499 fixis
917 2474 1082 2511 quarum
1134 2463 1304 2499 tineatur
1335 2463 1552 2500 differentia
1588 2464 1857 2503 declinationis
1886 2474 1925 2504 et
1956 2467 2187 2506 ascensionis

39 2518 302 2569 longitudines
328 2526 367 2556 et
392 2517 616 2555 latitudines
633 2525 735 2555 notae
752 2523 855 2562 sunt,
882 2514 1083 2553 invenien-
1134 2521 1249 2552 tectae
1268 2515 1368 2553 inter
1385 2515 1503 2554 fixam
1521 2523 1560 2554 et
1578 2526 1769 2556 cometam
1791 2521 1873 2571 (59.
1899 2519 1987 2558 Lib.
2014 2518 2129 2569 ΙΙΙ.)
2148 2528 2189 2559 ct

40 2578 105 2608 tur
123 2580 282 2608 cometae
310 2570 513 2621 longitudo
532 2578 571 2608 et
588 2569 752 2608 latitudo
769 2568 818 2606 ad
843 2576 995 2615 tempus
1012 2569 1081 2605 ob-

39 2624 269 2661 servationis.
331 2624 491 2661 Referat
512 2624 559 2661 M
583 2623 634 2668 R,
661 2622 875 2671 portionem
895 2620 1087 2669 eclipticae

39 2678 152 2728 cujus
180 2677 292 2725 polus
322 2677 376 2724 O,
405 2676 482 2713 sint
512 2677 561 2720 A,
594 2676 630 2713 P
657 2675 746 2712 duae
770 2674 889 2712 stellae
912 2686 1106 2722 quarum-

38 2729 301 2780 longitudines
327 2737 369 2780 et·
391 2728 612 2766 latitudines
638 2727 737 2765 datae
763 2735 867 2773 sunt,
896 2725 1020 2776 sitque
1042 2728 1079 2765 C

38 2791 188 2821 cometa
219 2784 332 2834 cujus
359 2782 539 2820 distantia
570 2795 594 2820 a
619 2780 769 2818 duabus
798 2780 917 2818 stellis
956 2780 1007 2825 A,
1040 2780 1083 2818 P

37 2844 131 2873 nota
157 2836 217 2874 sit.
276 2837 329 2873 In
355 2834 551 2885 triangulo
581 2835 619 2872 A
643 2834 679 2872 O
704 2834 751 2879 P,
780 2846 825 2871 ex
845 2832 941 2870 datis
962 2833 1001 2870 A
1024 2833 1080 2880 O,

41 2889 76 2926 P
98 2890 135 2927 O
155 2889 445 2937 complementis
462 2887 712 2925 latitudinum
736 2886 930 2924 stellarum
951 2893 995 2923 et·
1007 2899 1076 2924 an-

37 2942 132 2992 gulo
154 2944 191 2979 A
216 2942 253 2980 0
275 2943 308 2979 P
328 2942 443 2992 cujus
456 2953 635 2978 mensura
653 2947 710 2977 est
726 2952 837 2977 arcus
865 2939 914 2976 M
936 2939 976 2976 R
1000 2938 1076 2976 dif-

37 2995 196 3033 ferentia
224 2994 527 3046 longitudinum,
560 2993 713 3033 dabitur
751 2995 790 3030 A
826 2991 863 3031 P
895 2992 1076 3031 distantia

37 3048 247 3093 stellarum,
278 3057 393 3098 atque
429 3046 639 3084 innotescet
675 3047 843 3096 angulus
883 3045 921 3084 O
952 3045 987 3082 P
1017 3046 1069 3083 A.

34 3102 128 3141 Jam
160 3101 250 3139 vero
283 3101 323 3137 in
356 3099 549 3149 triangulo
584 3100 622 3137 A
646 3099 679 3137 C
701 3099 736 3137 P
768 3099 909 3136 dantur
942 3098 1075 3136 omnia

33 3154 166 3200 latera,
196 3155 301 3191 unde
328 3153 547 3191 invenietur
574 3151 742 3201 angulus
777 3152 810 3190 C
845 3151 881 3189 P
911 3152 963 3197 A,
994 3163 1073 3201 quo

34 3209 227 3245 subtracto
244 3219 291 3244 ex
309 3205 455 3256 angulo
477 3205 513 3244 Ο
539 3205 572 3242 P
594 3205 631 3242 A
651 3204 888 3255 relinquetur
904 3205 1073 3254 angulus

37 3260 75 3297 O
98 3260 134 3298 P
156 3260 200 3299 C.
224 3281 227 3283 >
263 3259 395 3304 Quare
412 3258 566 3297 dabitur
586 3257 752 3308 angulus
783 3258 817 3295 P
839 3257 876 3296 O
900 3257 932 3295 C
960 3257 1073 3310 cujus

29 3324 215 3350 mensura
231 3320 288 3350 est
305 3324 416 3350 arcus
445 3312 484 3349 N
507 3312 558 3357 R,
589 3310 804 3348 differentia
820 3309 963 3347 scilicet
986 3309 1070 3347 lon-

31 3365 256 3414 gitudinum
275 3365 394 3402 stelloe
416 3365 450 3402 P
468 3372 506 3403 et
524 3373 683 3402 cometae
701 3364 747 3402 C.
784 3364 888 3402 Item
901 3363 1071 3401 innotes-

31 3425 92 3455 cet
109 3431 221 3456 arcus
242 3418 279 3456 O
297 3419 342 3463 C,
360 3417 426 3468 qui
441 3426 497 3454 est
511 3417 837 3465 complementum
856 3415 1070 3454 latitudinis

30 3478 202 3508 cometae.
254 3469 407 3508 Eadem
425 3483 577 3519 prorsus
595 3471 752 3516 ratione,
772 3470 803 3507 si
822 3470 1070 3507 observentur

29 3522 219 3561 distantiae
247 3531 407 3561 cornetae
432 3536 457 3561 a
483 3522 633 3560 duabus
652 3522 737 3560 fixis
754 3534 918 3572 quarum
936 3533 1068 3559 ascen-

26 3575 152 3614 siones
170 3584 283 3614 rectae
318 3583 357 3614 et
392 3575 667 3614 declinationes
701 3582 802 3613 notae
838 3582 940 3620 sunt,
973 3574 1067 3614 inde

26 3629 257 3680 colligentur
275 3628 443 3667 ascensio
461 3636 563 3666 recta
581 3636 619 3666 et
637 3627 842 3666 declinatio
860 3635 1032 3665 cometae.

81 3686 166 3721 150.
209 3683 321 3720 Datis
352 3682 608 3720 declinatione
640 3689 678 3719 et
709 3681 929 3719 ascensione
960 3679 1065 3720 recta
1119 3693 1209 3731 hinc
1246 3693 1442 3734 dabuntur
1478 3703 1638 3735 cometae
1676 3695 1740 3735 10„
1773 3697 1881 3735 itudo
1917 3706 1956 3737 et
1999 3697 2165 3737 latitudo

23 3733 187 3786 alicujus
213 3737 342 3774 stellae*
360 3735 459 3781 fixae,
488 3733 838 3798 inveniri'possunt
855 3733 1062 3773 declinatio
1117 3750 1201 3798 (17,
1233 3747 1323 3785 Lib,
1347 3748 1472 3799 111⁸),
1743 3710 1770 3749 g

23 3795 62 3823 et
87 3801 257 3827 ascensio
283 3797 386 3851 recta
412 3795 583 3848 cometae,
612 3786 730 3847 1110ᾀο
748 3794 877 3824 tamen
896 3786 1005 3823 Stena
1023 3796 1062 3826 0*-
1173 3804 1261 3838 151.
1297 3801 1413 3839 Datis
1430 3810 1591 3840 cometae
1619 3802 1863 3855 longitudine
1882 3812 1921 3843 et
1944 3804 2161 3851 latitudine,

21 3848 171 3880 mmet&
205 3849 365 3881 tran-‘³¹18
400 3853 563 3880 VlClSffim
595 3848 742 3889 POSS¹¹¹¹2
775 3852 844 3889 Per
878 3851 1061 3890 campum
1115 3852 1310 3904 slmulque
1328 3854 1423 3893 nota
1441 3855 1687 3907 longitudine
1713 3858 1822 3904 Solis,
1852 3858 1964 3896 datur
1982 3859 2163 3897 distantia

1043 3920 1133 3959 L4
