2540 4296
273 295 338 344 76

273 450 433 487 Terram
445 446 569 496 ipsam
587 447 628 484 in
647 447 829 485 mediocri
845 444 914 483 illa
927 445 1120 491 distantia,
1140 446 1319 485 distantia

272 503 400 540 Lunae
419 516 442 539 a
463 502 499 539 T
501 500 585 538 erra
607 501 642 538 P
663 502 700 538 T
716 500 867 538 dicatur
886 512 928 546 r;
957 500 1006 537 sit
1028 501 1061 538 C
1085 500 1119 537 P
1137 501 1319 537 distantia

270 556 398 592 Lunae
418 569 439 592 a
459 553 695 605 quadratura
713 551 890 600 proxima
907 566 995 602 qnae
1023 553 1172 590 dicatur
1198 567 1239 598 u,
1268 554 1317 590 sit

268 610 352 659 ejus
378 609 487 645 sinus
515 620 552 655 y,
586 606 634 644 sit
653 608 737 657 ejus
765 606 919 643 cosinus
948 619 991 652 z;
1021 606 1107 643 dico
1135 606 1238 655 quod
1271 619 1317 643 ea

268 675 356 711 pars
386 661 444 699 vis
478 659 579 700 Solis
609 671 699 710 quae
730 659 811 709 agit
841 659 883 695 in
914 658 1072 697 Lunam
1099 658 1314 697 secundum

463 1136 505 1187 m

631 1539 859 1579 THEOR.
893 1539 944 1578 V.

321 1650 497 1688 Effi·ctus
526 1646 687 1685 actionis
709 1647 808 1685 Solis
835 1647 879 1685 in
909 1647 1067 1684 Lunam
1095 1644 1309 1683 secundum

264 1703 515 1741 directionem
530 1701 627 1738 radii
642 1701 774 1738 orbitae
788 1699 935 1738 lunaris
953 1700 1128 1737 exercitae
1142 1698 1310 1748 intelligi

263 1757 415 1806 poterit,
454 1756 485 1791 si
522 1754 760 1802 concipiatur
799 1754 955 1792 Lunam
993 1764 1040 1789 ex
1077 1750 1149 1789 sua
1188 1751 1312 1789 orbita

267 1815 306 1848 A
330 1812 371 1848 D
397 1811 431 1847 B
451 1810 483 1846 C
504 1808 544 1844 in
563 1807 677 1844 aliam
697 1807 889 1844 transferri
907 1806 1020 1856 cujus
1041 1804 1206 1855 singulae
1224 1816 1312 1852 par-

263 1864 395 1902 ticulae
421 1860 713 1913 quamminimae
731 1861 858 1897 forent
884 1860 1079 1907 portiones
1097 1870 1230 1895 earum
1249 1869 1312 1894 or-

262 1918 430 1955 bitarum
461 1927 557 1965 quas
590 1914 709 1951 Luna
740 1912 872 1951 revera
908 1912 1148 1956 describeret,
1187 1911 1219 1947 si
1255 1910 1312 1946 vis

266 1972 398 2008 Terrae
418 1975 636 2006 constanter
653 1966 861 2003 imminuta
891 1973 960 2003 aut
988 1973 1102 2002 aucta
1131 1965 1232 2001 foret
1265 1961 1313 2000 ea

214 2026 217 2033 ‘
263 2023 490 2073 quantitate,
511 2034 611 2071 quae,
632 2032 699 2068 per
726 2020 918 2056 actionem
942 2018 1040 2055 Solis
1059 2018 1099 2053 in
1120 2029 1205 2054 eam
1225 2029 1313 2064 par-

265 2076 424 2114 ticulam
444 2074 635 2120 exercitae,
665 2085 712 2109 ex
731 2074 769 2109 vi
791 2073 922 2110 Terrae
941 2070 1153 2109 detrahitur
1180 2077 1249 2107 aut
1276 2069 1313 2106 ei

264 2130 432 2168 additur.
639 2159 644 2165 .

320 2182 480 2221 Etenim
499 2179 590 2219 cum
620 2191 665 2216 ea
693 2178 751 2216 vis
783 2177 882 2217 Solis
901 2190 969 2227 per
987 2176 1130 2228 gradus
1159 2174 1312 2214 infinite

261 3382 397 3419 parvos
432 3374 575 3407 crescat
612 3374 651 3406 et
669 3365 887 3413 decrescat,
925 3364 1050 3415 sitque
1081 3362 1192 3402 nulla
1219 3374 1312 3401 cum

261 3430 286 3461 3
303 3437 329 3526 Ξ
347 3436 374 3473 y
391 3472 449 3492 =
468 3468 498 3502 r,
519 3454 637 3505 paulo
655 3461 743 3504 post
759 3450 924 3490 minima
940 3451 1000 3496 sit,
1023 3450 1153 3501 sicque
1171 3449 1310 3502 grada-

260 3542 330 3579 tim
350 3549 505 3587 crescat,
526 3541 557 3579 si
577 3547 778 3579 censeatur
797 3551 882 3577 eam
901 3545 1140 3576 constantem
1152 3547 1310 3574 manere

259 3607 327 3643 per
345 3596 501 3645 aliquod
516 3593 819 3642 tempusculum‚
836 3592 954 3630 Luna
967 3588 1189 3629 brevissime
1203 3596 1308 3627 tran·

260 3647 349 3685 sibit
380 3649 420 3685 in
454 3649 620 3685 orbitam
652 3660 676 3685 a
694 3646 720 3683 d
738 3648 763 3683 b
783 3659 804 3683 c
835 3645 893 3682 illi
925 3645 961 3681 vi
995 3655 1210 3694 congruam
1238 3653 1307 3691 per

262 3701 403 3738 Theor.
444 3700 530 3738 111.
571 3712 664 3737 mox
695 3698 786 3737 ver&
815 3697 907 3736 cum
939 3698 997 3734 vis
1030 3696 1129 3733 Solis
1160 3701 1304 3733 crescat

258 3753 470 3803 quantitate
488 3765 604 3803 quam
618 3750 791 3796 minima,
812 3763 858 3788 ea
875 3751 931 3788 vis
949 3756 1149 3788 censeatur
1161 3748 1303 3785 iterum

259 3814 438 3847 constans
455 3819 523 3854 per
541 3805 705 3843 alterum
718 3803 1006 3853 tempusculum
1027 3800 1200 3838 transibit
1217 3800 1301 3837 Lu-

259 3872 311 3896 na
337 3871 383 3896 ex
411 3856 535 3896 orbita
553 3858 688 3907 primae
706 3857 743 3893 vi
762 3854 936 3907 congrua
963 3856 1004 3892 in
1031 3854 1191 3892 alteram
1209 3852 1303 3889 huic

259 3915 497 3952 incremento
515 3919 822 3955 consentaneam,
842 3908 972 3960 sicque
990 3918 1160 3956 semper:
1193 3902 1309 3944 ide-‹5-

776 285 1344 342 PHILOSOPHIAE
1385 279 1838 341 NATURALIS
1880 289 1997 352 [DE
2026 288 2230 341 Mum).
2260 290 2413 344 SYsT.

2173 432 2208 469 F

1372 464 1623 504 directionem
1654 464 1750 503 radii
1786 465 1821 503 P
1841 464 1877 501 T
1907 471 1966 501 est
1997 464 2140 514 ubique
2159 488 2206 535 ἶ

1368 573 1422 581 --
1440 551 1500 601 r).
1531 552 1624 590 Hoc
1656 551 1798 589 Theor.
1830 550 1933 587 idem
1963 557 2019 587 est
2047 563 2138 587 cum
2170 551 2310 588 Theor.
2333 549 2411 586 IV.

1368 604 1620 653 praecedentis
1656 603 1803 649 calculi,
1851 605 1963 653 cujus
1999 603 2272 641 demonstratio
2316 602 2414 640 adiri

1368 665 1505 708 potest.

2229 438 2416 533 κῶζ’-ἵ

1369 1551 1446 1589 que
1476 1540 1519 1577 in
1548 1538 1715 1589 singulis
1746 1540 1945 1588 particulis
1972 1540 2083 1578 arcus
2117 1540 2150 1579 C
2187 1540 2234 1587 P,
2268 1542 2416 1579 censeri

1368 1600 1495 1641 potest
1514 1592 1672 1631 Lunam
1702 1592 1870 1630 delatam
1897 1605 1978 1630 esse
2004 1594 2046 1630 in
2073 1594 2236 1632 orbitam
2254 1595 2292 1631 vi
2314 1595 2415 1632 Solis

1369 1646 1412 1682 in
1431 1658 1478 1683 eo
1494 1651 1639 1696 puncto
1657 1645 1789 1697 agenti
1807 1658 2034 1696 congruam.

1726 1805 1954 1845 THEOR.
1986 1804 2063 1843 VI.

1425 1911 1593 1951 Dicatur
1609 1911 1812 1950 mediocris
1826 1913 2007 1953 distantia
2021 1913 2150 1951 Lunae
2168 1926 2192 1950 a
2212 1910 2345 1958 Terra,
2366 1925 2411 1960 r;

1368 1965 1426 2003 vis
1447 1967 1577 2003 Terrae
1609 1964 1651 2001 in
1683 1963 1731 2002 ea
1761 1965 1944 2004 distantia
1974 1967 2023 2004 sit
2044 1966 2094 2009 V,
2129 1966 2190 2016 vis·
2207 1965 2306 2003 Solis
2334 1966 2413 2003 sive

1369 2018 1544 2056 addititia
1556 2018 1634 2056 sive
1645 2020 1894 2057 substractiva
1912 2019 1970 2065 sit,
1991 2032 2079 2069 quae
2097 2019 2178 2069 agit
2195 2019 2237 2055 in
2252 2019 2413 2055 Lunam

1369 2072 1584 2109 secundum
1603 2071 1701 2108 radii
1718 2071 1887 2109 Telluris
1898 2072 2160 2117 directionem,
2181 2071 2229 2108 sit
2250 2072 2287 2109 Y
2305 2071 2347 2108 in
2365 2070 2413 2109 ea

1368 2124 1552 2163 mediocri
1571 2122 1753 2161 distantia
1778 2137 1800 2161 a
1831 2126 1963 2171 Terra,
1993 2132 2134 2162 crescat
2153 2122 2244 2161 ver&
2272 2132 2317 2162 ut
2334 2124 2414 2162 dis-

1368 2179 1527 2225 tantiae3
1557 2177 1707 2215 dicatur
1724 2190 1750 2214 x
1768 2177 1844 2216 alia
1870 2178 2015 2229 quaevis
2033 2177 2215 2215 distantia
2234 2177 2362 2215 Lunae
2388 2191 2414 2215 a

1983 2244 2003 2267 r
2019 2244 2039 2268 r
2060 2231 2099 2267 V
2249 2262 2259 2270 .
2383 2262 2392 2270 .

2098 2290 2109 2309 ,
2149 2270 2188 2300 et
2222 2275 2279 2299 v1s
2314 2262 2414 2301 Sohs

1371 2262 1491 2304 Terra
1510 2264 1552 2301 in
1569 2261 1649 2314 qua
1669 2264 1723 2301 vis
1744 2265 1781 2303 T
1781 2276 1876 2302 errae
1893 2264 1966 2302 erit

1367 2384 1439 2424 erit
1463 2351 1577 2430 {X;
1607 2383 1693 2422 dico
1711 2384 1816 2434 quod
1842 2385 1898 2422 vis
1925 2381 2093 2432 corporis
2119 2380 2297 2419 centralis
2323 2393 2412 2432 quae

1502 2430 1523 2454 r

1365 2504 1407 2542 in
1434 2503 1616 2543 distantia
1645 2516 1672 2541 x
1702 2503 1802 2543 foret
1826 2472 1944 2575 ’ξ’-ἕ
1961 2524 2015 2534 --
2040 2468 2139 2571 Χ-ΥΧ,
2167 2500 2209 2538 ἱῐι
2227 2499 2412 2539 mediocri

1365 2624 1546 2671 distantia
1564 2638 1645 2664 esse
1664 2623 1857 2663 debuisset
1877 2622 1918 2661 V
1936 2644 1988 2653 —
2004 2590 2062 2693 ἒξ
2083 2623 2133 2661 Υ.

1420 2713 1527 2751 Nam
1545 2711 1736 2763 siquidem
1751 2710 1913 2760 fingitur
1931 2709 2010 2746 vim
2028 2707 2196 2758 corporis
2214 2709 2299 2758 ejus
2317 2720 2410 2746 cen-

1363 2764 1470 2803 tralis
1487 2765 1612 2803 fictitzi
1631 2764 1739 2814 sequi
1764 2764 1892 2813 legem
1919 2762 2116 2813 gravitatis
2133 2768 2172 2799 et
2190 2760 2408 2799 decrescere

1364 2852 1465 2890 sicut
1483 2852 1672 2903 quadrata
1698 2848 1980 2895 distantiarum,
2014 2847 2081 2885 fiat
2113 2854 2158 2885 nt
2182 2818 2249 2877 -Ξ-
2274 2846 2325 2883 ad
2353 2818 2403 2876 —l-

2185 2893 2254 2917 xx
2352 2892 2409 2917 rr

1428 2939 1544 2976 rrV
1641 2936 1728 2975 xV
1954 2968 1964 2978 .
2005 2969 2015 2977 .
2089 2967 2098 2975 .
2204 2966 2237 2981 ,A
2345 2931 2348 2935 ’

1561 2993 1616 3002 -
1643 2992 1727 3001 —-
1747 2982 1836 3021 quae
1854 2976 1911 3008 est
1929 2966 2240 3008 v1s1nd1stant1a
2258 2977 2282 3001 x
2300 2965 2405 3005 adv

1456 3017 1480 3041 x
1502 3019 1526 3042 x
1667 3017 1687 3041 r

1428 3059 1484 3095 x³
1715 3090 1724 3099 .
1787 3089 1797 3099 .
1837 3089 1848 3098 .
1925 3090 1934 3097 .
2042 3086 2073 3099 -Α

1362 3115 1416 3124 -—
1429 3113 1484 3162 ᾖ
1507 3092 1544 3130 Υ
1564 3102 1652 3141 quae
1671 3099 1744 3129 erit
1762 3103 1819 3128 vis
1836 3102 1877 3127 m
1896 3089 2078 3128 distantia
2095 3100 2127 3125 r.

2010 2308 2080 2333 XX

1362 2975 1416 3012 ita

1706 3266 1932 3306 THEOR.
1963 3263 2067 3302 VII.

1420 3376 1479 3415 Sit
1496 3388 1521 3413 x
1541 3382 1586 3413 ut
1603 3374 1710 3424 prius
1728 3355 1908 3412 distantia
1928 3371 2056 3409 Lunae
2074 3382 2097 3407 a
2117 3367 2154 3406 T
2155 3364 2239 3405 erra
2257 3365 2297 3403 in
2316 3376 2408 3414 pro..

1363 3428 1448 3481 pria
1466 3427 1602 3475 orbita,
1632 3428 1720 3466 dico
1748 3426 1852 3477 quod
1884 3437 1953 3473 per
1983 3424 2174 3461 actionem
2207 3419 2306 3458 Solis
2336 3418 2404 3456 illa

1725 3493 1745 3517 r
1762 3483 1780 3508 ³
1799 3492 1824 3516 x
1847 3479 1885 3516 V
2026 3511 2035 3518 ,
2365 3505 2375 3513 ο

1650 3530 1976 3583 Ἥ,
2005 3523 2084 3548 Sive
2105 3509 2179 3546 hoc
2206 3506 2335 3544 valore
2363 3517 2404 3542 m

1363 3516 1544 3556 distantia
1561 3515 1629 3553 fiet
1651 3549 1686 3584 V
1706 3559 1725 3583 r
1743 3548 1761 3575 3

1908 3598 2035 3636 x4Y
2131 3593 2287 3630 x⁷Y²

1363 3639 1500 3678 seriem
1523 3637 1679 3676 redacto
1696 3633 1806 3671 fietx
1829 3631 1882 3684 -Ι-
1916 3676 1937 3700 r
1954 3665 1972 3692 3
1995 3663 2034 3699 V
2055 3629 2108 3681 -Ι-
2129 3672 2149 3697 r
2167 3657 2188 3682 6
2212 3658 2247 3695 V
2267 3650 2300 3679 2,
2330 3622 2400 3660 διε.

2149 3711 2272 3748 x4Y

1355 3768 1424 3799 aut
1441 3757 1592 3799 omissis
1609 3754 1783 3795 terminis
1802 3749 2007 3802 superfluis
2026 3759 2051 3784 x
2072 3746 2125 3798 4-
2158 3788 2178 3812 r
2196 3777 2213 3802 3
2231 3768 2281 3811 V.

1409 3848 1516 3885 Nam
1535 3856 1636 3883 nova
1661 3842 1785 3880 orbita
1810 3839 1852 3876 in
1878 3847 1994 3888 quam
2016 3833 2134 3872 Luna
2153 3829 2281 3867 delata
2307 3840 2400 3866 cen-

1354 3909 1471 3946 setur,
1492 3905 1549 3938 est
1567 3895 1702 3935 similis
1719 3892 1834 3944 priori
1854 3902 1923 3940 per
1943 3889 2054 3927 Lem.
2074 3885 2110 3923 Ι.
2133 3890 2172 3922 et
2189 3894 2258 3933 per
2276 3882 2393 3921 Lem.
