2540 4296
312 249 414 299 172
816 243 1385 317 P'HiLOSOPHIAE
1428 242 1884 296 NATURALIS
1944 243 2062 306 [DE
2083 243 2287 297 Mum).
2314 254 2466 298 b'str.

309 387 505 460 Anglia
544 390 764 442 eandem
802 388 908 441 fere
952 390 1365 460 magnitudine-m
1405 389 1693 452 retinuisse,
1737 388 1930 440 scilicet
1966 389 2159 459 gradus
2198 391 2349 442 unius
2386 392 2472 443 vel

305 479 462 531 unius
501 499 620 532 cum
658 479 883 531 semisse.
964 480 1257 532 Crassiores
1285 488 1406 530 sunt
1430 479 1814 530 observationes
1844 477 2084 529 Ponthaei
2110 488 2160 530 et
2188 480 2354 542 Cellii,
2396 499 2471 531 eae

304 554 596 635 praesertim
622 587 740 638 quae
764 586 860 637 per
885 568 1173 622 azimuthos
1200 578 1252 620 et
1277 567 1573 630 altitudines
1600 567 1955 636 capiebantur,
1984 576 2042 617 ut
2058 577 2112 617 et
2133 584 2207 619 eae
2227 568 2467 621 Galletii:

304 659 545 711 meliores
586 668 708 710 sunt
751 677 829 712 eae
870 678 996 729 quae,
1031 678 1127 727 per
1165 659 1450 728 positiones
1503 669 1718 709 cometae
1767 659 1835 709 ad
1883 658 2016 709 fixas
2059 677 2090 708 a
2131 657 2466 724 Montenaro,

308 748 543 813 Hookio,
588 751 852 822 Angone„
874 761 926 802 et
963 751 1295 803 observatore
1345 750 1400 800 in
1453 748 1604 800 Nova
1653 749 1861 820 Anglia,
1915 760 1966 801 et
2015 768 2391 821 nonnunquam
2439 772 2470 804 a

308 839 565 892 Ponthaeo
591 852 643 893 et
672 841 840 894 Cellio
866 851 987 893 sunt
1011 842 1175 893 factae.
1255 840 1458 893 Eodem
1484 839 1568 890 die
1594 839 1662 890 ad
1684 839 1871 915 horam
1896 839 2130 909 quintam
2161 842 2467 893 matutinam

306 929 589 991 Ballasorae
628 942 831 984 cometa
868 933 1244 984 observabatur
1279 932 1333 982 in
1358 939 1416 983 “12
1446 936 1569 981 llg‘.
1597 931 1684 982 45'
1699 949 1713 991 3
1753 929 1977 1000 ideoque
2003 932 2070 982 ad
2105 931 2292 982 horam
2318 935 2468 1003 quin-

301 1027 407 1069 tam
448 1019 758 1071 matutinam
803 1020 1035 1072 Londiui
1079 1030 1190 1071 erat
1229 1020 1284 1070 in
1323 1026 1382 1071 ¹³32
1429 1025 1547 1071 133‘.
1596 1018 1814 1070 circiter.
1907 1017 2011 1070 Per
2050 1018 2306 1072 theoriam
2345 1021 2470 1074 vero

301 1118 503 1159 cometa
521 1109 631 1178 jam
657 1120 787 1161 erat
782 1110 845 1161 in
870 1117 929 1162 ‘¹¹32
960 1110 1356 1161 132‘31.22'.42‘'.

373 1198 509 1251 Nov.
534 1206 619 1254 25.
659 1211 778 1253 ante
806 1211 978 1265 ortum
1007 1201 1142 1254 Solis
1172 1200 1521 1252 Montenarus
1548 1210 1804 1251 cometam
1828 1199 2121 1264 observavit
2145 1201 2200 1251 in
2225 1209 2283 1253 1131
2312 1200 2468 1270 1730.
2415 1209 2452 1230 ‘⁷¹

300 1290 521 1357 circiter.
599 1292 670 1344 Et
699 1292 896 1345 Cellius
924 1292 1215 1345 observavit
1240 1292 1426 1344 eodem
1460 1302 1695 1360 tempore
1721 1291 1863 1360 quod
1891 1302 2094 1343 cometa
2120 1302 2232 1344 erat
2256 1293 2311 1343 in
2335 1293 2466 1344 line
2442 1314 2471 1344 a

300 1380 441 1433 recta
468 1382 606 1433 inter
632 1382 834 1434 stellam
859 1382 1087 1434 lucidam
1113 1382 1169 1433 in
1193 1382 1381 1434 dextro
1407 1381 1604 1433 femore
1630 1381 1863 1452 Virginis
1890 1392 1942 1433 et
1966 1382 2169 1434 lancem
2195 1383 2473 1434 australem

303 1473 497 1538 Librae,
528 1483 579 1526 et
603 1473 719 1527 haec
745 1484 888 1527 recta
913 1484 1053 1527 secat
1077 1474 1213 1526 viam
1241 1483 1458 1526 cometae
1483 1473 1538 1523 in
1556 1480 1615 1525 ”32
1635 1479 1756 1524 183‘.
1776 1474 1878 1525 36'.
1946 1473 2049 1525 Per
2075 1473 2330 1529 theoriam
2349 1474 2473 1526 vero

300 1577 502 1618 cometa
518 1569 631 1637 jam
657 1578 768 1620 erat
792 1569 847 1620 in
872 1576 931 1621 m:
959 1571 1115 1635 lsssg‘·
1146 1569 1363 1620 circiter.
1415 1585 1417 1587 ·

379 1658 697 1730 Congruunt
733 1660 894 1731 igitur
932 1660 1018 1712 hae
1057 1661 1446 1713 observationes
1487 1678 1608 1712 cum
1645 1659 1847 1711 theoria
1887 1659 2139 1730 quatenus
2179 1668 2476 1730 congruunt

300 1747 433 1799 inter
460 1768 531 1812 se,
561 1760 612 1801 et
638 1751 977 1822 congruendo
1003 1752 1231 1820 probant
1255 1770 1420 1803 unum
1448 1761 1499 1802 et
1524 1750 1749 1801 eundem
1765 1750 1922 1803 fuisse
1949 1762 2222 1815 cometam,
2247 1750 2336 1820 qui
2361 1760 2474 1802 toto

302 1847 539 1907 tempore
565 1859 596 1890 a
622 1850 809 1909 quarto
836 1840 922 1892 die
950 1832 1266 1892 Novembris
1294 1840 1361 1892 ad
1386 1858 1552 1910 usque
1576 1858 1776 1891 nonum
1803 1840 1989 1893 Martii
2014 1840 2271 1910 apparuit.
2341 1840 2477 1891 Tra-

294 1929 516 1997 jectoria
553 1939 770 1981 cometae
808 1930 963 2000 hujus
1016 1931 1079 2000 (g)
1106 1931 1187 1982 bis
1222 1930 1386 1982 secuit
1422 1930 1639 1998 planum
1666 1929 1935 1997 eclipticae,
1977 1939 2029 1981 et
2065 1939 2346 1998 propterea
2370 1948 2478 1980 non

300 2016 399 2069 fuit
433 2017 716 2070 rectilinea.
796 2018 1110 2088 Eclipticam
1147 2019 1312 2071 secuit
1347 2036 1455 2068 non
1490 2017 1546 2067 in
1581 2012 1832 2085 oppositis
1859 2017 1979 2069 coeli
2003 2018 2255 2086 partibus,
2296 2017 2386 2069 sed
2423 2018 2478 2068 in

297 2106 402 2159 fine
446 2108 679 2179 Virginis
724 2118 775 2161 et
816 2110 1076 2178 principio
1123 2109 1451 2178 Capricorni,
1497 2108 1772 2159 intervallo
1810 2109 2073 2179 graduum
2109 2117 2194 2161 98.
2233 2108 2475 2170 circiter3

301 2198 526 2278 ideoque
554 2219 647 2251 cul
651 2219 736 2252 sus
763 2210 980 2253 cometae
1016 2201 1302 2269 plurimum
1328 2200 1699 2251 deflectebatur
1726 2219 1757 2250 a
1781 2200 1977 2252 circulo
2013 2201 2259 2252 maximo.
2338 2199 2480 2250 Nam

298 2297 350 2338 et
380 2306 559 2339 mense
587 2288 878 2341 Novembri
904 2308 1086 2342 cursus
1112 2290 1221 2360 ejus
1248 2270 1422 2341 tribus
1442 2288 1621 2339 saltem
1649 2306 1712 2359 σι
1715 2288 1899 2340 adibus
1926 2288 1992 2339 ab
2017 2286 2291 2357 ecliptica
2278 2306 2333 2337 m
2359 2306 2478 2338 aus-

297 2386 438 2427 trum
479 2377 792 2442 declinabat,
836 2388 888 2431 et
928 2398 1025 2448 pos
1003 2388 1111 2431 tea
1154 2397 1333 2431 mense
1365 2331 1682 2431 Decembri&³
1695 2379 1944 2450 gradibus
1972 2384 2074 2430 29.
2119 2377 2370 2447 vergebat
2409 2377 2476 2427 ab

299 2468 537 2536 ecliptica
576 2470 633 2521 in
672 2471 1079 2539 septentrionem
1104 2472 1341 2540 partibus
1368 2470 1570 2521 duabus
1597 2468 1799 2532 orbitae,
1837 2469 1893 2519 in
1920 2469 2108 2539 quibus
2134 2477 2335 2520 cometa
2360 2477 2475 2519 ten-

301 2559 459 2611 debat
484 2560 539 2611 in
569 2560 746 2613 Solem
773 2570 826 2613 et
851 2562 1056 2614 redibat
1082 2581 1111 2613 a
1142 2561 1280 2624 Sole,
1310 2560 1504 2632 angulo
1528 2569 1812 2630 apparente
1837 2559 2097 2630 graduum
2120 2558 2237 2628 plus
2265 2556 2477 2628 triginta

301 2651 367 2701 ab
393 2651 1040 2716 invicem'declinantibUS,
1061 2662 1122 2704 ut
1140 2653 1434 2704 observavit
1460 2650 1823 2708 MontenarUS.
1880 2646 2143 2720 Pergebat
2166 2647 2253 2698 hic
2270 2656 2472 2697 cometa

300 2759 392 2809 per
414 2742 563 2812 signa
581 2760 785 2806 novem,
809 2762 840 2794 a
859 2742 1055 2794 Leonis
1073 2742 1268 2794 scilicet
1289 2741 1472 2792 ultimo
1487 2738 1659 2811 gradu
1680 2738 1748 2789 ad
1772 2738 2087 2807 principium
2107 2736 2468 2798 Geminorum,

297 2843 492 2901 praeter
510 2833 718 2905 signum
736 2833 950 2897 Leonis,
978 2852 1075 2903 per
1102 2832 1243 2903 quod
1269 2831 1522 2902 pergebat
1547 2840 1824 2899 antequam
1849 2827 2013 2879 videri
2041 2827 2199 2895 coepit
2213 2845 2227 2886 3
2255 2835 2305 2876 et
2331 2824 2476 2875 nulla

304 2922 410 2973 alia
434 2931 579 2975 extat
604 2922 822 2987 theoria,
864 2922 965 2993 qua
993 2932 1195 2973 cometa
1219 2931 1423 2973 tantam·
1444 2918 1562 2970 coeli
1592 2927 1793 2987 partem
1820 2924 1967 2968 m'Otu
1992 2914 2220 2986 regulari
2258 2932 2473 2983 percur-

299 3022 392 3065 rat.
472 3013 657 3066 Motus
696 3015 806 3084 ejus
844 3013 940 3065 fuit
975 3011 1201 3064 maxime
1238 3009 1578 3081 inaequabilis.
1656 3007 1797 3060 Nam
1823 3008 1962 3060 circa
1987 3007 2126 3058 diem
2163 3006 2471 3076 vigesimum

300 3104 616 3158 Novembris
653 3106 927 3176 descripsit
962 3105 1157 3177 gradus
1184 3105 1389 3157 circiter
1415 3103 1643 3173 quinque
1669 3101 1888 3173 singulis
1915 3099 2131 3162 diebus3
2172 3099 2292 3151 dein
2318 3108 2481 3163 motu*

300 3197 567 3249 retardato
605 3196 743 3248 inter
782 3197 1040 3248 Novemb.
1069 3202 1153 3248 26.
1183 3206 1234 3247 et
1271 3192 1528 3248 Decemb.
1562 3199 1642 3243 12.
1673 3191 1842 3261 spatio
1862 3189 2065 3252 vscilicet
2089 3189 2293 3240 dierum
2320 3188 2470 3259 quin—

298 3285 467 3337 decim
494 3305 615 3339 cum
642 3289 867 3350 semisse,
895 3286 1168 3356 descripsit
1192 3285 1387 3357 gradus
1413 3293 1613 3336 tantum
1641 3290 1711 3335 40
1726 3302 1741 3345 3
1767 3290 1950 3352 postea
1967 3278 2092 3334 vero
2107 3292 2254 3333 motu
2279 3280 2469 3332 iterum

299 3375 602 3439 acceleratO,
631 3372 906 3446 descripsit
928 3376 1124 3448 gradus
1141 3373 1249 3426 fere
1270 3374 1500 3444 quinque
1527 3372 1743 3443 singulis
1770 3371 1974 3434 diebus,
1994 3379 2275 3440 antequam
2293 3377 2467 3420 motus

299 3463 488 3514 iterum
527 3465 782 3516 retardari
819 3465 991 3533 coepit.
1069 3463 1142 3516 Et
1165 3463 1369 3515 theoria
1393 3480 1511 3532 quae
1536 3460 1702 3512 motui
1726 3469 1833 3512 tam
1859 3457 2157 3529 inaequabili
2181 3477 2277 3527 per
2300 3455 2469 3509 maxi-

298 3570 437 3603 mam
476 3553 594 3605 coeli
629 3551 1036 3624 partem-probe
1072 3551 1371 3622 respondet,
1414 3567 1635 3621 quaeque
1659 3547 1871 3601 easdem
1899 3547 2141 3601 observat
2177 3546 2318 3617 leges
2345 3536 2465 3598 cum

357 3768 413 3820 (Β)
437 3772 455 3793 ”
481 3766 552 3808 13ίέ
579 3773 698 3810 secuit
725 3773 896 3822 planum
922 3771 1112 3823 eclqwticoe.
1191 3767 1368 3816 Tempus
1395 3777 1474 3817 quo
1500 3771 1652 3803 cometa
1677 3770 1782 3807 secat
1809 3761 2026 3813 eclipticam
2052 3758 2216 3799 inveniri
2246 3764 2370 3808 potest
2395 3768 2467 3807 per

302 3833 411 3859 num.
440 3826 526 3861 145.
548 3831 586 3861 et
609 3827 694 3863 154.
