2540 4296
243 261 307 304 98
757 249 1322 306 PHILOSOPHIAE
1362 249 1814 302 NATURALIS
1854 251 1971 314 [DE
1994 251 2197 302 Mum).
2222 253 2372 306 Sysr.

239 405 291 447 et
315 394 617 446 subducitur
643 395 914 464 posterior,
954 393 1046 445 ubi
1071 394 1240 445 Terra
1263 393 1434 463 pergit
1458 411 1488 444 a
1508 392 1761 461 perihelio
1781 411 1875 443 suo
1899 393 1966 444 ad
1992 393 2252 461 aphelium
2274 414 2286 446 ι
2325 404 2376 447 et

237 486 552 537 contrarium
578 485 639 536 fit
662 485 717 535 in
742 483 977 553 opposita
1004 484 1142 535 orbis
1167 480 1330 553 parte.

310 575 368 644 (t)
412 575 514 626 Per
554 574 808 625 theoriam
833 574 1097 644 gravitatis
1125 573 1354 624 constitit
1390 574 1545 625 etiam
1571 575 1711 644 quod
1738 575 1870 626 actio
1900 574 2034 627 Solis
2071 576 2125 626 in
2168 576 2375 627 Lunam

232 663 390 732 paulo
415 663 579 731 major
619 662 698 724 sit,
741 661 831 713 ubi
873 672 1163 714 transversa
1189 663 1439 713 diameter
1464 663 1604 714 orbis
1631 663 1827 714 lunaris
1853 664 2037 715 transit
2059 683 2154 731 per
2184 665 2372 726 Solem,

237 752 392 823 quam
418 752 509 803 ubi
534 752 715 803 eadem
742 752 810 802 ad
834 762 1003 804 rectos
1047 764 1125 804 est
1169 752 1386 823 angulos
1413 771 1532 803 cum
1556 753 1689 805 linea
1719 754 1940 805 Terram
1967 764 2018 806 et
2046 755 2219 806 Solem
2254 756 2374 823 jun-

230 854 415 914 gente:
456 853 509 895 et
531 854 808 912 propterea
832 845 972 895 orbis
998 845 1193 895 lunaris
1218 843 1376 912 paulo
1402 845 1567 913 maj0r
1591 854 1670 895 est
1694 844 1747 894 in
1771 846 1945 912 priore
1983 864 2104 895 casu
2131 844 2283 914 quam
2320 847 2375 896 in
2442 898 2446 901 ,
2516 872 2532 895 .·

230 932 532 1001 posteriore.
610 933 675 1002 (²¹)
720 933 791 984 Et
814 932 936 983 hinc
963 933 1127 983 oritur
1152 932 1253 984 alia
1277 931 1500 1002 aequatio
1525 931 1696 984 motus
1721 933 1879 984 medii
1903 934 2112 995 lunaris,
2140 935 2373 1001 pendens

230 1040 262 1072 a
304 1021 405 1071 situ
432 1020 635 1091 apogaei
661 1020 830 1072 Lunae
873 1020 941 1072 ad
985 1020 1175 1082 Solem,
1222 1038 1339 1089 quae
1366 1019 1574 1089 quidem
1598 1020 1826 1071 maxima
1854 1031 1932 1072 est
1957 1019 2075 1072 cum
2101 1040 2373 1092 apogaeum

232 1110 403 1161 Lunae
427 1119 663 1161 versatur
702 1111 757 1160 in
796 1119 1001 1161 octante
1028 1127 1146 1159 cum
1175 1108 1328 1170 Sole3
1368 1119 1419 1160 et
1444 1108 1587 1159 nulla
1611 1107 1729 1160 cum
1752 1109 1884 1160 illud
1926 1110 1992 1161 ad
2035 1112 2373 1180 quadraturas

229 1201 314 1253 vel
338 1201 568 1272 syzygias
592 1201 860 1269 pervenit:
902 1210 953 1251 et
976 1200 1141 1251 motui
1168 1199 1340 1251 medio
1367 1200 1574 1251 additur
1599 1200 1652 1250 in
1678 1201 1898 1252 transitu
1924 1204 2124 1273 apogaei
2150 1204 2319 1254 Lunae
2344 1224 2375 1255 a

235 1290 370 1341 Solis
399 1288 713 1359 quadratura
740 1289 808 1340 ad
834 1289 1110 1358 syzygiam,
1154 1299 1204 1339 et
1229 1288 1532 1340 subducitur
1557 1288 1611 1338 in
1636 1290 1855 1341 transitu
1880 1291 2084 1361 apogaei
2110 1311 2140 1342 a
2165 1292 2373 1363 syzygia

228 1378 297 1429 ad
324 1377 708 1448 quadraturam.
786 1376 924 1428 Haec
949 1376 1188 1446 aequatiO,
1233 1395 1388 1447 quam
1413 1386 1712 1428 semestrem
1736 1379 1949 1442 vocabo,
1992 1368 2043 1428 in
2083 1381 2372 1431 octantibus

224 1469 445 1539 apogaei,
491 1466 700 1536 quando
725 1466 954 1515 maxima
977 1475 1068 1528 est,
1086 1466 1319 1519 ascendit
1342 1467 1411 1518 ad
1438 1468 1501 1519 3'.
1530 1468 1646 1520 45“.
1674 1466 1892 1532 circiter,
1937 1468 2001 1538 (X)
2030 1467 2280 1537 quantum
2307 1488 2371 1520 ex

223 1556 580 1626 phaenomenis
607 1554 851 1625 colligere
874 1554 1034 1623 potui.

223 1720 317 1757 helio
336 1731 403 1757 suo
421 1721 474 1756 ad
491 1720 685 1769 aphelium
695 1735 709 1763 ,-
739 1725 869 1755 motus
896 1716 1046 1768 apogaei
1066 1716 1194 1754 Luna:
1222 1734 1280 1755 es..

223 1771 496 1821 progressivus,
532 1779 662 1808 motus
685 1769 775 1808 vero
800 1770 892 1808 nodi
921 1777 977 1808 est
1009 1769 1277 1820 retrogradus3

227 1822 351 1863 Terra
368 1833 499 1862 autem
519 1837 541 1861 a
559 1824 745 1872 perihelio
763 1823 993 1873 procedente
1013 1830 1175 1872 uterque
1193 1835 1277 1860 mo-

224 1884 288 1916 tus
306 1878 430 1928 major
448 1878 492 1915 fit
509 1885 618 1915 motu
634 1877 774 1922 medio,
796 1876 887 1914 inde
898 1889 991 1927 ergo
1005 1877 1094 1924 plus
1108 1875 1279 1923 procedit

223 1944 429 1981 apogaeum
447 1931 587 1976 Lunae,
608 1929 726 1979 quam
742 1941 810 1978 per
821 1937 972 1967 motum
988 1929 1174 1974 medium,
1191 1929 1279 1978 plus

222 1984 368 2023 recedit
387 1984 526 2029 nodus,
554 1983 658 2031 prior
676 1995 769 2034 ergo
788 1983 953 2033 aequatio
971 1982 1160 2028 addenda,
1190 1995 1278 2031 pos-

224 2038 341 2076 terior
358 2036 605 2075 detrahenda.

277 2090 331 2142 (ἴ)
366 2093 389 2140 J*
424 2093 501 2129 Per
532 2091 714 2136 theoiam
743 2092 941 2138 gravitatis
973 2091 1136 2128 constitit
1164 2090 1277 2128 etiam

226 2148 328 2196 quod
353 2146 449 2182 actio
469 2146 561 2182 Solis
588 2145 630 2181 in
661 2144 823 2181 Lunam
844 2146 961 2192 paulo
981 2144 1105 2193 major
1130 2145 1190 2188 sit,
1215 2145 1279 2181 ubt

226 2207 440 2236 transversa
459 2199 642 2235 diameter
661 2198 756 2234 orbis
785 2198 935 2235 lunaris
962 2198 1095 2234 transit
1116 2210 1188 2245 per
1214 2199 1260 2234 So

225 2254 314 2296 lem,
334 2251 403 2287 διε.
468 2250 596 2287 Facile
621 2248 826 2286 deducitur
844 2262 890 2286 ex
914 2250 1003 2287 Cor.
1030 2249 1170 2287 Theor.
1197 2249 1275 2286 IV.

222 2303 362 2342 calculi
390 2303 501 2351 primi
537 2304 641 2353 (pag.
676 2302 762 2351 66.)
794 2302 900 2352 quod
935 2303 1181 2354 (existentcx
1200 2301 1278 2339 dis-

221 2356 342 2395 tantia
366 2356 494 2393 Lunae
513 2369 536 2392 a
557 2352 691 2399 Termi,
724 2367 745 2391 r
762 2355 845 2405 ejus
869 2353 1051 2393 distantia
1077 2354 1274 2401 mediocri,

224 2418 263 2448 et
281 2423 306 2458 y
326 2410 414 2446 sinu
444 2409 528 2459 ejus
558 2408 748 2445 distantiae
767 2422 790 2445 a
813 2408 1059 2458 quadratura,
1090 2406 1277 2446 existente

222 2463 339 2501 etiam
374 2462 407 2500 F
435 2463 490 2498 vis
522 2461 621 2498 Solis
650 2460 692 2497 in
725 2461 885 2499 Terram
918 2461 960 2498 in
983 2461 1168 2498 mediocri
1193 2461 1276 2511 ejus

222 2514 404 2554 distantia
423 2514 466 2564 ιι)
496 2514 597 2552 actio
619 2513 719 2551 Solis
740 2514 898 2552 Lunam
925 2515 1110 2552 trahentis
1137 2526 1276 2552 secun-

222 2603 320 2641 dum
351 2599 603 2640 directionem
635 2599 732 2637 radii
764 2600 897 2638 orbitoe
914 2599 1061 2639 lunaris
1074 2607 1131 2638 est
1148 2579 1200 2628 ἑ
1229 2604 1271 2648 ><

1161 2644 1182 2669 ι·

221 2689 272 2793 ἔ
289 2725 329 2767 ><
351 2692 393 2771 <3
412 2700 437 2790 ἶ
455 2700 480 2737 y

277 2806 396 2845 Unde
426 2820 471 2897 ela
497 2806 566 2852 vis,
602 2804 722 2844 Luna
739 2806 781 2843 in
808 2805 1051 2857 quadraturis
1075 2806 1273 2851 existente,

223 2894 268 2932 fit
288 2872 338 2962 -Ξκ
353 2898 395 2939 ><
419 2916 464 2962 ἶ
490 2897 531 2939 ><
553 2915 605 2922 —
624 2904 655 2936 r,
677 2899 734 2929 est
752 2905 844 2942 ergo
862 2894 1039 2944 negativa
1056 2899 1095 2930 et
1113 2892 1275 2930 Lunam

223 2979 273 3016 ad
294 2978 455 3016 Terram
475 2977 652 3023 attrahit3
673 2975 766 3014 cum
785 2975 876 3014 ver&
896 2978 1013 3015 Luna
1030 2984 1087 3015 est
1104 2976 1146 3014 in
1164 2989 1273 3026 syzy-

223 3064 306 3114 giis,
334 3077 380 3101 ea
397 3064 497 3101 actio
520 3062 619 3102 Solis
638 3061 681 3099 fit
699 3042 749 3131 {-
771 3067 811 3109 ><
833 3031 883 3134 ξ
904 3067 946 3110 ><
970 3067 995 3101 2
1012 3075 1042 3107 r,
1073 3069 1130 3101 est
1147 3062 1276 3113 itaque

497 2742 551 2750 .-
568 2719 621 2768 r).

223 3152 384 3202 positiva
412 3158 451 3189 et
484 3151 640 3189 Lunam
672 3165 695 3189 a
727 3151 849 3188 Terra
867 3151 1068 3197 distrahit3
1102 3151 1141 3188 in
1175 3151 1268 3189 locis

222 3214 353 3243 autem
373 3203 564 3243 similibus
591 3206 651 3242 hae
683 3204 781 3242 Solis
808 3205 975 3242 actiones
1000 3212 1090 3242 sunt
1118 3212 1162 3241 ut
1189 3204 1265 3242 dis-

222 3258 354 3296 tantiae
385 3271 408 3295 x
441 3257 568 3295 Lunae
586 3271 609 3295 a
631 3255 763 3297 Terra.
825 3258 934 3295 Hinc
963 3257 994 3294 si
1024 3256 1172 3304 apsides
1190 3257 1267 3295 sint

222 3312 263 3348 in
283 3310 459 3361 syzygiis,
480 3311 528 3347 sit
548 3309 637 3349 ver&
656 3311 827 3350 Lunam
846 3310 1102 3360 quadraturis,
1121 3311 1185 3348 ubi
1199 3323 1267 3359 per

221 3366 411 3402 actionem
438 3362 536 3401 Solis
567 3363 809 3405 adTerram
836 3363 1009 3407 trahitur,
1039 3365 1162 3400 ambae
1189 3363 1288 3407 dis„

222 3418 355 3455 tantiae
386 3413 411 3453 i
446 3415 575 3454 Lunae
606 3416 648 3454 in
676 3415 841 3466 utraque
872 3414 1107 3467 quadratura
1134 3416 1267 3464 positae

222 3478 312 3508 sunt
340 3469 458 3508 simul
480 3468 646 3521 aequales
663 3470 771 3508 lateri
801 3477 905 3507 recto
933 3469 1065 3506 orbitae
1093 3468 1266 3515 lunaris3

221 3522 313 3560 curn
334 3521 423 3561 ver&
443 3521 562 3560 Luna
580 3530 637 3560 est
655 3522 696 3560 in
714 3522 880 3574 syzygiis
907 3522 972 3559 ubi
992 3534 1061 3570 per
1077 3520 1267 3559 actionem

217 3576 327 3613 ‘Solis
344 3589 368 3614 a
387 3573 512 3613 Terra
529 3576 765 3622 distrahitur,
785 3577 909 3613 ambae
928 3575 1119 3612 distantiae
1137 3587 1162 3611 x
1184 3574 1267 3612 Lu-

221 3641 284 3666 nae
313 3628 356 3665 in
383 3627 656 3678 conjunctione
680 3636 719 3666 et
744 3628 984 3677 oppositione
1011 3627 1145 3676 positae
1175 3634 1267 3665 sunt

221 3680 339 3718 simul
373 3681 541 3732 aequales
571 3682 634 3720 axi
663 3681 812 3733 majori,
844 3681 913 3733 qui
936 3693 1085 3730 semper
1113 3686 1267 3729 superat

222 3733 325 3771 latus
342 3742 502 3772 rectum.

279 3786 320 3824 Si
338 3785 428 3825 vero
446 3787 595 3836 apsides
612 3795 704 3826 sunt
729 3787 771 3825 in
797 3787 1050 3838 quadraturis,
1082 3794 1121 3825 et
1149 3786 1266 3825 Luna

221 3837 398 3891 etiam-in
415 3839 673 3891 quadraturiS,
692 3842 818 3880 ambae
836 3840 1063 3880 distantiaex
1078 3839 1206 3878 Lunae
1223 3839 1265 3877 in
1322 3837 1451 3877 Probl.
1477 3839 1512 3876 Ι.
1538 3839 1643 3890 (pag.
1666 3836 1749 3888 80.)
1768 3848 1814 3876 ex
1842 3835 1889 3874 iis
1906 3832 2094 3874 erroribus
2120 3831 2212 3881 ipsae
2230 3842 2354 3883 quan-

1122 1556 1261 1610 Haec
1301 1565 1379 1609 est
1420 1558 1528 1626 ejus
1555 1557 1811 1627 quantitas
1855 1558 1906 1608 in
1946 1557 2193 1609 mediocri
2236 1559 2371 1610 Solis

1325 1719 1488 1771 utraque
1506 1718 1740 1770 quadratura
1757 1719 1901 1768 positae,
1934 1717 2050 1755 simul
2068 1724 2245 1765 sumptae,
2273 1725 2372 1766 ¹sunt

1326 1775 1491 1825 aequales
1508 1774 1571 1811 axi
1590 1773 1736 1824 majori,
1758 1780 1796 1811 et
1814 1771 1905 1810 cum
1923 1772 2041 1809 Luna
2059 1782 2115 1808 est
2133 1771 2173 1807 in
2193 1771 2370 1820 syzygiis,

1327 1831 1452 1865 ambae
1478 1826 1669 1865 distantiae
1696 1838 1720 1862 x
1751 1826 1878 1863 Lunae
1895 1825 1936 1861 in
1955 1825 2227 1874 conjunctione
2245 1831 2284 1861 et
2301 1836 2371 1872 op-

1329 1881 1516 1929 positione
1537 1880 1683 1929 positae,
1705 1886 1795 1916 sunt
1814 1878 1930 1916 simul
1949 1878 2114 1928 aequales
2132 1877 2240 1917 lateri
2268 1884 2371 1915 recte·

1329 1935 1464 1972 orbitae
1482 1934 1639 1971 lunaris.
1732 1970 1734 1972 .
1921 1935 1926 1942 ‘

1385 1988 1495 2036 Ergo
1514 1986 1606 2024 cum
1626 1984 1774 2034 apsides
1788 1992 1878 2023 sunt
1895 1984 1936 2021 in
1956 1983 2129 2034 syzygiis,
2151 1982 2250 2020 actio
2272 1981 2372 2020 Solis

1330 2054 1418 2092 quae
1439 2041 1596 2092 Lunam
1615 2040 1664 2077 ad
1687 2040 1843 2076 Terram
1864 2038 2028 2083 attrahit,
2058 2044 2115 2075 est
2131 2036 2272 2083 minor,
2293 2043 2332 2073 et
2348 2049 2372 2074 e

1330 2101 1463 2132 contra
1494 2093 1593 2131 actio
1622 2105 1709 2143 quae
1731 2092 1889 2129 Lunam
1921 2104 1944 2128 a
1972 2089 2094 2128 Terra
2112 2089 2288 2127 distrahit
2313 2096 2372 2127 est

1331 2148 1453 2196 major
1479 2145 1597 2197 quam
1625 2144 1718 2182 cum
1745 2144 1893 2192 apsides
1924 2152 2015 2181 sunt
2043 2143 2084 2180 in
2114 2142 2369 2193 quadraturiS,

1325 2198 1491 2250 ideoque
1511 2199 1614 2237 orbis
1632 2198 1778 2235 lunaris
1805 2197 1921 2246 paulo
1948 2197 2069 2247 major
2088 2196 2171 2233 fieri
2197 2194 2310 2234 debet
2326 2195 2369 2233 in

1325 2253 1451 2302 priore
1470 2266 1562 2291 casu
1579 2249 1698 2302 quam
1716 2251 1757 2287 in
1776 2250 1994 2299 posteriore.

1381 2319 1446 2356 De
1460 2318 1614 2368 punctis
1628 2324 1758 2355 autem
1772 2316 1872 2354 inter
1882 2315 2133 2366 quadraturas
2143 2321 2182 2351 et
2197 2314 2370 2364 syzygias

1324 2371 1563 2410 intermediis
1590 2371 1638 2408 ab
1666 2381 1712 2407 eo
1738 2369 1843 2420 quod
1870 2369 1911 2406 in
1937 2369 1998 2405 his
2016 2367 2169 2416 punctis
2190 2367 2370 2405 extremis

1325 2425 1463 2470 evenit,
1478 2424 1645 2475 judicari
1656 2430 1793 2473 potest,
1815 2422 1881 2460 sed
1896 2421 2136 2471 potissimum
2151 2433 2199 2457 ex
2217 2419 2367 2458 calculo

1325 2491 1403 2528 quo
1422 2477 1588 2529 aequatio
1606 2489 1654 2515 ex
1671 2474 1745 2515 hac
1764 2474 1880 2514 causa
1899 2483 1989 2513 nata
2006 2473 2293 2511 determinatur.

1381 2549 1436 2602 (¹¹)
1468 2553 1489 2573 ³*
1513 2551 1568 2588 Et
1585 2551 1674 2587 hinc
1693 2550 1814 2586 oritur
1840 2550 1915 2585 alia
1936 2547 2093 2597 aequatio
2112 2552 2238 2583 motus
2256 2546 2369 2584 medii

1325 2604 1485 2648 lunaris,
1500 2603 1569 2639 Sec.
1614 2602 1752 2652 Hujus
1765 2600 1989 2649 aequationis
2003 2597 2368 2647 calculumejusque

1325 2656 1430 2707 leges
1449 2655 1655 2704 explicatas
1668 2656 1785 2692 habes
1808 2652 1938 2691 Probl.
1961 2652 2038 2690 VI.
2055 2650 2191 2689 calculi
2206 2649 2366 2689 secundi

1327 2711 1434 2760 (pag.
1460 2707 1547 2757 82.)
1569 2709 1726 2759 ejusque
1749 2705 1979 2744 Corollariis.

1379 2777 1439 2830 (¹)
1471 2781 1492 2803 *⁸
1519 2777 1714 2822 Quantam
1734 2791 1777 2816 ea*
1788 2778 2047 2827 phaenomenis
2066 2777 2232 2825 colligere
2246 2777 2365 2825 potui,

1324 2833 1394 2870 &c.
1474 2831 1536 2868 Ex
1575 2831 1717 2868 Coroll.
1755 2834 1792 2868 5.
1833 2829 1963 2867 Probl.
2008 2829 2084 2868 VI.
2131 2831 2235 2878 (pag.
2278 2828 2362 2876 85.)

1325 2884 1490 2935 aequatio
1509 2886 1590 2922 haec
1611 2883 1656 2921 3¹.
1678 2883 1760 2922 56''.
1786 2890 1842 2920 est
1860 2890 2018 2931 reperta,
2040 2882 2215 2931 quaedam
2235 2889 2366 2919 autem

1325 2950 1449 2976 causae
1469 2945 1560 2974 sunt
1579 2949 1647 2974 cur
1660 2937 1743 2974 haec
1757 2935 1949 2986 quantitas
1963 2947 2031 2983 pro
2050 2931 2139 2971 vera
2152 2934 2365 2983 quantitate

1324 2990 1494 3028 adhiberi
1515 2998 1690 3039 nequeat,
1712 2990 1778 3027 sed
1793 2990 1875 3026 haec
1895 2987 2059 3038 aequatio
2078 3000 2124 3025 ex
2143 2988 2365 3035 phaenome-

1324 3044 1385 3080 nis
1403 3044 1451 3081 sit
1469 3042 1685 3093 colligenda
1700 3058 1711 3089 3
1733 3040 1871 3090 primo,
1887 3041 2080 3091 quantitas
2099 3041 2120 3077 f
2133 3042 2210 3077 sive
2227 3052 2363 3077 excen-

1323 3097 1467 3134 tricitas
1485 3097 1617 3134 orbitae
1636 3095 1782 3133 lunaris
1799 3095 1890 3132 satis
1907 3101 2011 3132 certo
2025 3106 2102 3131 non
2123 3100 2179 3130 est
2198 3093 2362 3142 cognita,

1322 3158 1368 3187 ut
1386 3156 1534 3187 constat
1552 3161 1598 3186 ex
1617 3148 1664 3186 iis
1681 3161 1769 3198 quae
1788 3148 1836 3185 de
1855 3147 2134 3185 excentricitate
2149 3145 2362 3191 dictasunt,

1324 3203 1385 3240 hic
1403 3209 1533 3240 autem
1552 3201 1785 3240 mediocrem
1813 3200 2136 3239 excentricitatem
2156 3199 2361 3247 assumpsi-

1321 3269 1409 3293 mus
1446 3259 1550 3294 5505
1586 3255 1756 3304 partium
1790 3265 1954 3305 quarum
1991 3252 2121 3290 radius
2152 3251 2283 3289 orbitae
2314 3251 2363 3289 sit

1324 3313 1481 3347 100000
1498 3321 1589 3346 cum
1611 3309 1804 3345 Newtono
1822 3319 1938 3357 quam
1960 3305 2143 3343 Cassinus
2160 3304 2251 3341 facit
2277 3312 2362 3341 tan-

1320 3361 1407 3399 tum
1423 3367 1528 3401 54:30
1541 3362 1718 3410 partium,
1741 3368 1779 3399 et
1796 3360 1894 3397 forte
1912 3359 2039 3396 minor
2052 3357 2194 3395 assumi
2208 3357 2361 3395 deberet

1320 3415 1352 3452 si
1371 3414 1590 3452 attendatur
1615 3414 1664 3452 ad
1692 3411 2016 3454 excentricitatem
2042 3411 2175 3449 orbitae
2202 3409 2359 3456 lunaris,

1321 3467 1445 3518 qualis
1476 3481 1521 3505 ea
1551 3467 1651 3505 foret
1668 3466 1763 3504 citra
1784 3465 1882 3504 Solis
1913 3465 2115 3508 actionem,
2146 3475 2192 3500 ex
2220 3462 2360 3512 quibus
2395 3490 2398 3492 -

1321 3520 1699 3565 considerationibus,
1729 3518 1851 3569 liquet
1882 3517 2137 3567 aequationem
2163 3515 2358 3553 inventam

1321 3573 1511 3611 minorem
1530 3573 1677 3611 factum
1694 3571 1741 3609 iri
1759 3570 1878 3622 quam
1898 3571 1944 3608 3‘.
1969 3568 2068 3615 56¹¹„
2089 3569 2217 3618 sicque
2234 3567 2358 3618 magis

1319 3638 1557 3664 accessuram
1575 3625 1626 3663 ad
1643 3625 1900 3676 aequationem
1915 3622 1963 3661 δ’.
1979 3623 2061 3660 45”.
2080 3634 2167 3672 quae
2185 3632 2231 3657 ex
2250 3620 2357 3668 phae.

1322 3680 1503 3717 nomenis
1528 3678 1747 3729 colligitur:
1782 3674 1953 3715 secunde>
1980 3674 2071 3713 cum
2099 3672 2218 3711 varias
2235 3673 2357 3723 hypo-

1319 3733 1444 3770 theses
1479 3730 1806 3781 assumpserimus,
1840 3741 1930 3768 vero
1960 3727 2116 3779 quidem
2149 3725 2354 3774 proximas,

1318 3797 1397 3822 non
1416 3793 1545 3823 tamen
1573 3797 1678 3823 veras
1705 3781 1891 3826 absolute,
1919 3788 1965 3819 ut
1989 3779 2110 3830 liquet
2127 3791 2175 3815 ex
2197 3777 2286 3816 Cor.
2313 3781 2349 3817 1.
