2540 4296
247 294 346 339 128

322 430 470 482 Idem
509 430 767 500 colligitur
805 448 871 479 ex
908 428 1181 480 curvatura
1220 429 1317 479 viae
1355 438 1684 481 cometarum.

768 284 1332 339 PHILOSOPHIAE
1371 285 1822 339 NATURALIS
1875 286 1996 351 [DE
2019 288 2221 339 Mum).
2244 290 2395 341 SYsT‚

1762 429 1825 498 (d)
1865 429 2098 500 Pergunt
2134 431 2249 483 haec
2283 450 2397 482 cor-

245 540 374 590 pora
410 520 787 590 propemodum
826 520 880 570 in
906 519 1108 571 circulis
1134 519 1372 571 maximis
1399 521 1645 589 quamdiu
1669 532 1943 573 moventur
1968 522 2214 586 celerius;
2253 533 2305 574 at
2342 523 2395 573 in

240 690 321 741 jam
343 688 708 731 determinavimus,
736 695 781 725 ut
808 694 939 726 autem
964 700 1094 726 veram
1122 688 1296 727 obtinea-

245 756 333 780 mus
352 750 510 781 cometae
529 743 796 793 trajectoriarn,
818 754 864 779 ex
883 741 969 779 loco
987 742 1044 787 H,
1065 742 1115 780 ad
1132 743 1295 790 planum

245 797 432 845 eclipticae
451 805 576 834 erecta
596 794 834 845 intelligatur
851 795 1034 832 normalis
1056 796 1100 832 H
1126 796 1184 839 M,
1206 803 1292 832 tan-

244 863 341 900 gens
359 849 494 899 anguli
521 848 736 887 latitudinis
754 855 914 885 cometae
934 847 982 885 ad
1011 848 1145 885 datum
1165 851 1293 886 obser-

245 903 408 941 vationis
426 911 579 950 tempus
603 901 728 949 posito
759 902 796 937 A
817 901 875 946 H,
904 901 1024 946 radio,
1053 901 1201 951 eritque
1230 902 1291 946 M,

245 955 354 994 locus
374 968 486 992 verus
505 963 666 993 cometae
685 954 735 992 ad
753 961 907 1002 tempus
924 954 1083 999 datum;
1111 962 1169 991 est
1188 954 1292 991 enim

243 1008 382 1057 positio
409 1017 523 1046 rectae
559 1010 595 1045 A
618 1009 676 1053 H,
712 1008 794 1058 ejus
821 1007 1027 1057 longitudo
1053 1014 1093 1044 et
1123 1007 1293 1056 angulus

246 1063 294 1099 M
318 1063 356 1099 A
374 1062 431 1108 H,
453 1061 626 1099 latitudo.
682 1060 864 1098 Similiter
882 1060 923 1096 in
941 1060 1028 1097 loco
1049 1060 1100 1106 V,
1120 1059 1169 1097 ad
1188 1060 1293 1097 idem

243 1115 430 1164 eclipticae
448 1115 612 1163 planum
630 1114 799 1164 erigatur
817 1113 1001 1151 normalis
1022 1113 1061 1149 V
1081 1113 1131 1157 L,
1161 1126 1289 1163 aequa-

244 1168 290 1206 lis
322 1169 496 1218 tangenti
528 1167 743 1205 latitudinis
771 1166 820 1204 ad
850 1166 953 1203 idern
981 1173 1136 1213 tempus
1162 1168 1291 1204 obser-

242 1230 352 1268 vatae,
384 1229 540 1270 sumpto
574 1222 615 1259 D
651 1221 702 1266 V,
733 1232 803 1268 pro
834 1218 954 1265 radio,
988 1218 1061 1256 erit
1093 1219 1144 1265 L,
1183 1219 1291 1258 locus

242 1287 355 1313 verus
383 1282 554 1318 cometae,
584 1272 749 1324 ideoque
775 1273 912 1323 juncta
940 1279 1045 1309 recta
1076 1271 1112 1309 L
1137 1273 1199 1317 M,
1234 1280 1291 1310 est

240 1329 324 1377 ipsa
352 1329 566 1379 trajectoria
597 1327 768 1379 quaesita.
842 1325 956 1363 Patet
984 1331 1115 1362 autem
1145 1326 1291 1363 distan-

241 1382 337 1420 tiam
365 1382 440 1420 loci
469 1383 530 1423 M,
560 1383 607 1419 ab
631 1381 682 1426 A,
712 1379 790 1416 sive
818 1385 962 1415 rectam
990 1378 1028 1415 A
1052 1378 1113 1423 M,
1143 1391 1223 1417 esse
1241 1378 1292 1416 ad

240 1443 385 1473 rectam
416 1437 454 1473 A
477 1435 534 1478 H,
564 1441 608 1472 ut
626 1445 759 1470 secans
777 1430 992 1469 latitudinis
1010 1431 1051 1467 in
1074 1430 1132 1477 H,
1161 1431 1211 1469 ad
1229 1444 1289 1469 ra-

241 1489 365 1534 dium,
386 1495 426 1526 et
443 1487 495 1526 ita
513 1485 627 1537 porro
646 1486 695 1523 de
713 1485 798 1523 aliis
816 1492 976 1522 cometae
995 1484 1101 1521 locis.

297 1546 385 1580 133.
413 1542 561 1580 Caetera
580 1553 667 1589 quae
687 1539 736 1577 ad
754 1546 905 1576 motum
918 1544 1080 1574 cometae
1100 1536 1292 1585 pertinent

240 1594 355 1634 facile
380 1595 625 1633 definientur.
683 1591 888 1630 Invenitur
919 1591 954 1628 L
976 1591 1038 1635 M,
1068 1598 1171 1628 recta
1188 1591 1291 1628 scili-

240 1657 301 1687 cet
325 1661 506 1697 percursa
532 1661 555 1685 a
581 1653 742 1691 cometa,
768 1645 865 1683 dum
888 1644 1024 1682 Tellus
1043 1645 1091 1680 ab
1119 1644 1158 1680 A
1178 1643 1227 1681 ad
1249 1645 1290 1682 D

239 1710 429 1740 movetur.
489 1702 670 1740 Ducatur
687 1699 792 1737 enim
812 1698 848 1736 L
872 1698 903 1734 P
928 1697 1002 1745 ipsi
1030 1697 1070 1734 V
1092 1697 1136 1734 H
1166 1697 1290 1745 paral-

239 1755 316 1793 lela
335 1768 425 1793 cum
443 1753 547 1793 recta
568 1755 614 1792 Μ
631 1754 667 1791 Ε
689 1764 920 1791 concurrens
938 1752 980 1789 in
1002 1750 1048 1789 P.
1067 1800 1070 1804 .
1101 1749 1123 1787 Ι
1127 1762 1153 1789 n
1172 1749 1289 1790 trian-

240 1809 335 1859 gulo
359 1810 393 1847 P
414 1809 450 1847 L
472 1809 533 1854 Μ,
563 1814 699 1857 praeter
717 1805 908 1857 angulum
926 1817 1008 1842 rec-

239 1870 324 1901 tum
347 1863 386 1899 in
410 1863 455 1904 P,
478 1862 591 1899 datur
610 1861 711 1898 latus
731 1860 768 1897 L
791 1860 838 1903 P,
859 1858 1007 1908 aequale

239 1914 348 1953 lateri
371 1916 408 1953 V
426 1916 485 1961 H,
507 1923 621 1964 atque
640 1914 754 1951 etiam
775 1912 888 1950 datur
907 1912 1007 1949 latus

241 1969 278 2007 P
301 1969 360 2014 M,
388 1969 536 2019 aequale
564 1966 790 2005 differentiae
815 1973 1005 2003 rectarum

239 2022 417 2060 datarum
441 2023 489 2059 M
507 2022 563 2067 H,
587 2021 624 2059 L
648 2020 695 2064 V,
717 2018 834 2069 quare
853 2018 1007 2056 dabitur

242 2076 278 2114 L
294 2076 355 2113 M.
395 2074 696 2113 ProducaturM
714 2074 762 2119 L,
775 2073 898 2110 donec
915 2083 1008 2109 cum

241 2129 287 2166 H
307 2129 358 2174 V,
375 2135 577 2166 concurrat
595 2128 635 2164 iri
653 2127 706 2172 N,
723 2126 794 2163 erit
809 2126 849 2162 N
865 2124 1003 2161 nodus.

243 2182 436 2220 Praeterea
458 2183 497 2219 N
513 2181 551 2218 V
570 2181 642 2218 erit
659 2180 707 2217 ad
722 2180 761 2217 V
782 2180 831 2224 L,
849 2186 892 2215 ut
908 2178 946 2215 V
961 2177 1006 2214 H

239 2236 290 2274 ad
312 2237 346 2273 P
369 2236 427 2281 M,
449 2235 619 2283 itemque
650 2234 684 2271 L
714 2233 756 2271 N
775 2233 827 2269 ad
847 2232 883 2269 L
906 2232 944 2267 V
962 2238 1008 2269 ut

240 2290 276 2326 L
297 2289 346 2326 M
378 2288 428 2325 ad
462 2288 511 2325 M
543 2289 590 2333 P,
624 2294 663 2324 et
693 2284 783 2323 ideo
812 2284 1008 2322 dabuntur
1099 2278 1119 2325 Χ
1183 2311 1187 2313 Α

242 2342 279 2379 L
301 2343 355 2387 N,
385 2341 421 2379 L
443 2341 509 2388 V;
538 2340 711 2388 capiatur
729 2346 883 2387 tempus
900 2336 1007 2387 quod

241 2396 291 2433 sit
315 2395 365 2433 ad
394 2402 549 2443 tempus
577 2393 676 2430 inter
701 2391 1007 2452 obseryationem

240 2449 282 2486 in
311 2449 369 2491 M,
405 2455 443 2485 et
471 2446 776 2485 observationem
806 2457 849 2482 m
881 2444 928 2489 L,
962 2451 1008 2480 ut

243 2503 284 2539 N
316 2502 351 2539 L
384 2501 434 2539 ad
468 2501 503 2538 L
525 2501 585 2546 M,
619 2498 823 2537 habebitur
851 2505 1006 2545 tempus

241 2556 344 2593 inter
360 2554 665 2593 observationem
682 2552 723 2588 in
744 2551 792 2596 L,
813 2558 853 2588 et
870 2550 1006 2599 appul-

242 2621 329 2646 sum
350 2615 510 2646 cometae
529 2606 578 2644 ad
598 2605 770 2652 nodum;
791 2603 881 2643 cum
901 2603 1007 2640 enirn

244 2669 392 2700 cometa
424 2661 465 2697 in
497 2657 601 2697 linea
632 2657 736 2696 recta
766 2655 1010 2695 uniformiter

243 2715 389 2752 moveri
403 2720 653 2762 supponatur,
669 2719 842 2760 tempora
860 2716 950 2747 sunt
964 2716 1009 2746 ut

243 2769 377 2816 spatia·
411 2767 579 2805 Dabitur
594 2778 747 2816 quoque
762 2765 869 2801 locus
880 2775 1009 2800 come-

245 2830 294 2859 tae
312 2821 353 2858 in
374 2820 475 2857 nodo
490 2819 694 2865 versantis;
714 2817 804 2855 cum
821 2816 924 2853 enim
941 2815 1008 2853 de-

243 2883 307 2912 tur
327 2881 515 2923 punctum
538 2873 588 2917 N,
618 2879 656 2909 et
674 2878 829 2920 propter
856 2877 1012 2917 tempus

244 2929 446 2978 cognitum
466 2927 565 2963 inter
578 2924 880 2962 observationem
899 2922 941 2958 in
957 2921 1007 2967 L,

245 2990 283 3019 et
301 2980 507 3029 appulsum
527 2985 687 3017 cometae
700 2976 751 3015 ad
763 2976 923 3018 nodum,
941 2974 1008 3011 de-

245 3042 309 3071 tur
322 3045 477 3083 quoque
492 3032 599 3069 locus
616 3032 746 3069 Terrae
757 3042 827 3078 pro
837 3030 910 3066 1100
924 3040 1009 3064 mo-

243 3095 389 3132 mento,
428 3085 582 3124 dabitur
617 3083 756 3133 positio
783 3089 897 3119 rectae
926 3080 1010 3118 haec
1254 3059 1292 3102 Λ

245 3148 390 3190 puncta
403 3138 617 3189 jungentis,
638 3138 711 3174 hoc
731 3144 787 3173 est
804 3133 1010 3185 longitudo

245 3202 405 3231 cometae
420 3193 458 3229 in
474 3191 576 3229 nodo
588 3190 794 3228 existentis.
832 3186 1009 3226 Tandem

246 3249 296 3284 ob
316 3246 444 3283 datam
464 3245 685 3282 distantiam
703 3241 797 3279 nodi
816 3254 840 3279 a
862 3240 948 3278 loco
970 3240 1009 3277 V

246 3299 453 3349 datamque
488 3296 733 3335 latitudinem
769 3301 931 3332 cometae
966 3293 1010 3330 in

246 3353 383 3390 eodem
420 3352 518 3397 loco,
558 3350 698 3388 dantur
734 3348 776 3385 in
811 3346 1009 3397 triangulo

246 3405 432 3455 sphaerico
446 3402 674 3454 rectangulo
685 3402 803 3440 latera
814 3400 893 3438 duo
908 3398 1009 3437 'circa

243 3458 434 3509 angulum
470 3468 631 3502 rectum,
674 3468 718 3493 ac
750 3452 910 3503 proinde
947 3453 1006 3489 in-

243 3511 405 3550 notescit
432 3511 628 3548 inclinatio
652 3509 944 3558 hypothenusae,
965 3506 1007 3543 id

246 3573 318 3611 est,
338 3564 484 3602 semitae
502 3564 622 3612 ipsius
640 3570 798 3600 cometae
818 3559 867 3598 ad
886 3559 1114 3608 eclipticam.

305 3623 391 3656 134.
427 3618 490 3655 Ex
511 3617 622 3654 dictis
640 3614 835 3665 colligitur
853 3611 932 3663 quii
958 3613 1104 3650 ratione
1123 3611 1171 3650 ad
1198 3617 1297 3649 tem-

247 3684 322 3720 pus
347 3671 547 3720 quodlibet
574 3668 814 3717 propositum
840 3665 990 3704 definiri
1018 3666 1164 3715 possint
1189 3664 1299 3702 locus

250 3734 410 3761 cometae
425 3737 447 3761 e
464 3721 588 3762 Terra
605 3723 719 3766 visus,
736 3720 917 3769 illiusque
932 3718 1112 3756 distantia
1125 3731 1149 3756 a
1165 3715 1298 3755 Terra.

253 3776 574 3815 Determinentur
610 3783 656 3813 ut
691 3772 809 3822 supra
844 3772 1051 3822 vestigium
1086 3771 1219 3808 orbitae
1255 3770 1298 3807 in

249 3829 367 3879 plano
387 3828 573 3876 eclipticae
594 3828 639 3865 H
662 3828 700 3865 E
722 3827 761 3863 V
784 3826 836 3871 R,
857 3825 1015 3875 ipsaque
1032 3836 1120 3861 vera
1139 3830 1300 3862 cometae

252 3882 374 3921 orbita
396 3881 443 3919 M
465 3881 502 3919 L
525 3882 564 3920 N
588 3882 641 3925 Q·
703 3879 887 3930 Capiatur
909 3878 952 3916 H
979 3878 1017 3916 R
1034 3876 1084 3915 ad
1106 3877 1150 3915 H
1175 3876 1226 3923 V,
1255 3883 1300 3913 ut

1350 688 1518 736 spatium
1537 689 1637 727 inter
1656 690 1959 729 observationem
1986 689 2149 739 primam
2168 697 2395 741 tempusque

1349 742 1485 779 datum
1512 741 1562 780 ad
1589 744 1754 792 spatium
1782 745 1883 781 inter
1901 744 2203 782 observationem
2230 745 2395 791 primam

1349 802 1388 832 et
1406 803 1592 844 quartam.
1654 798 1761 835 Dato
1789 798 1920 835 Terrae
1948 798 2032 835 loco
2051 796 2100 834 ad
2127 805 2280 845 tempus
2306 809 2395 844 pro-

1347 849 1534 897 positum,
1564 848 1661 896 puta
1691 850 1736 895 F,
1761 850 1875 888 datur
1901 851 2041 899 positio
2072 857 2185 887 rectae
2218 850 2251 886 F
2269 850 2319 892 R,
2351 862 2395 886 ac

1347 901 1508 949 proinde
1526 901 1642 938 datur
1668 902 1873 953 longitudo
1892 911 2052 940 cometae
2070 903 2232 952 quaesita
2260 902 2389 953 (152).

1351 954 1543 992 Praeterea
1561 954 1629 992 fiat
1651 956 1690 993 R
1706 956 1809 1000 Qad
1829 957 1867 993 R
1882 957 1934 1002 N,
1955 956 2054 993 sicut
2075 957 2120 993 M
2140 956 2183 992 H
2204 955 2252 992 ad
2275 956 2318 993 H
2339 955 2393 1001 N,

1346 1015 1452 1055 patet
1471 1007 1552 1044 dari
1578 1007 1821 1046 latitudinem
1842 1015 2001 1046 cornetae
2018 1008 2066 1046 ad
2087 1016 2239 1056 tempus
2257 1008 2395 1045 datum

1349 1061 1440 1111 (loc.
1465 1061 1527 1098 cit.
1537 1059 1566 1110 ).
1640 1061 1720 1099 His
1751 1069 1883 1099 autern
1918 1061 2027 1103 datis.
2067 1062 2230 1099 obtineri
2271 1069 2395 1111 potest

1346 1113 1528 1151 distantia
1559 1121 1722 1151 cometae
1753 1127 1778 1152 a
1808 1112 1931 1152 Terra¹
1962 1113 2094 1166 (ibid.)
2128 1115 2169 1151 in
2201 1112 2273 1152 hac
2301 1113 2393 1164 ergo

1345 1167 1547 1217 hypothesi
1565 1165 1670 1215 quod
1690 1176 1850 1205 cometae
1867 1167 1907 1203 in
1928 1167 2042 1204 lineis
2059 1167 2172 1205 rectis
2188 1168 2395 1204 uniformi-

1344 1227 1402 1257 ter
1438 1227 1677 1265 moveantur,
1715 1219 1960 1257 determinari
2005 1227 2165 1268 possunt
2200 1221 2396 1269 praecipua

1345 1273 1475 1310 motfis
1503 1279 1740 1310 cometarum
1769 1272 1969 1310 elementa.
2038 1270 2130 1309 Hac
2158 1272 2205 1310 de
2232 1285 2275 1311 re
2301 1285 2395 1311 con-

1345 1325 1446 1364 sulat
1482 1326 1602 1364 lector
1637 1325 1884 1373 opusculum
1913 1324 2052 1362 clariss.
2083 1325 2153 1362 viri
2194 1326 2396 1364 Dominici

1349 1379 1499 1417 cassini
1520 1380 1568 1417 de
1590 1378 1756 1416 Cometa
1772 1391 1833 1416 an.
1860 1383 1989 1421 1664;
2023 1378 2185 1415 Davidis
2217 1379 2395 1425 Gregorii

1349 1432 1641 1470 Astronomiam
1673 1432 1892 1481 Physicam,
1923 1439 1961 1468 et
1984 1431 2134 1469 Cassini
2163 1431 2234 1468 filii
2266 1432 2395 1470 Theo-

1345 1485 1444 1522 riam
1483 1486 1736 1525 Cometarum
1772 1484 1814 1521 in
1858 1485 2128 1522 Monumentis
2168 1485 2290 1522 Paris.
2326 1498 2389 1523 an.

1349 1542 1463 1576 1727.

1402 1591 1456 1642 (d)
1497 1593 1518 1616 ²*
1560 1593 1737 1640 Pergunt
1774 1592 1854 1628 lzaec
1891 1603 2057 1639 corpora.
2137 1590 2212 1627 Est
2246 1597 2285 1628 et
2320 1591 2395 1628 alia

1346 1643 1549 1693 parallaxis
1577 1643 1803 1692 proveniens
1830 1654 1877 1679 ex
1904 1650 2014 1679 motu
2046 1642 2176 1679 Terrae
2194 1642 2295 1680 circa
2325 1644 2395 1681 So-

1346 1697 1436 1735 lem.
1534 1697 1637 1735 Haec
1673 1694 1919 1734 latitudinem
1956 1702 2194 1732 cometarum
2229 1696 2393 1744 respicit,

1344 1751 1418 1789 hoc
1455 1756 1522 1796 est,
1548 1749 1767 1788 distantiam
1804 1760 1940 1787 eorum
1976 1749 2024 1786 ab
2061 1748 2234 1798 ecliptica
2265 1762 2396 1788 versus
2422 1776 2425 1778 v

1350 3562 1505 3598 boream
1542 3566 1612 3598 aut
1646 3566 1832 3605 austrum,
1866 3560 1972 3600 unde
2006 3561 2052 3599 fit
2087 3567 2130 3599 ut
2160 3570 2319 3600 cometae
2350 3562 2392 3599 in

1352 3613 1500 3661 sphaera
1529 3613 1692 3650 fixarum
1725 3626 1747 3651 a
1778 3626 1894 3652 cursu
1923 3614 2099 3652 circulari
2129 3614 2327 3652 deflectere
2353 3623 2393 3653 et

1353 3665 1495 3703 lineam
1521 3665 1734 3703 admodum
1761 3666 2009 3717 irregularem
2027 3666 2229 3705 videantur
2252 3667 2393 3705 descri-

1352 3720 1456 3756 here.
1516 3717 1621 3756 cum
1639 3718 1744 3756 enim
1762 3719 1924 3767 planum
1942 3719 1983 3757 in
2000 3731 2079 3769 quo
2096 3727 2244 3757 cometa
2261 3731 2393 3756 move-

1353 3778 1429 3816 tur,
1463 3783 1552 3809 cum
1580 3771 1697 3820 plano
1724 3772 1910 3821 eclipticae
1938 3771 1978 3808 in
2009 3783 2087 3822 quo
2116 3772 2235 3809 Terra
2258 3771 2392 3817 fertur,

1353 3836 1433 3861 non
1451 3823 1652 3868 coincidaa
1681 3833 1830 3862 cometa
1847 3822 1963 3862 modo
1980 3822 2095 3872 supra
2112 3823 2323 3872 eclipticam
2351 3825 2393 3862 in

1354 3877 1653 3926 septentrionem
1671 3876 1853 3924 ascendit,
1867 3874 1984 3915 modo
2002 3875 2103 3915 insi-a
2121 3877 2333 3927 eclipticam
2352 3877 2394 3916 in
