2540 4296
104 302 290 354 mez
316 300 613 364 Tannus]
693 297 1095 351 PRINCIPIA
1135 294 1751 349 MATHEMATICA.

2177 303 2245 348 95

107 491 111 493 ,
175 456 207 515 †
259 445 423 498 Hisce
476 453 711 496 motuum
758 440 1016 492 lunarium
1063 439 1533 508 computationibus
1575 437 1849 490 ostendere
1893 439 2032 489 volui
2050 457 2064 500 ;
2105 440 2247 509 quod

104 545 273 588 motus
313 535 517 586 lunares
558 552 652 603 per
694 532 948 583 theoriam
985 530 1251 601 gravitatis
1295 549 1326 579 a
1372 531 1535 581 causis
1562 530 1667 581 suis
1707 529 1996 597 computari
2029 532 2246 610 possint.

107 627 211 678 Per
235 627 450 677 eandem
477 625 730 677 theoriam
769 622 940 673 inveni
979 632 1232 691 praeterea
1257 620 1398 688 quod
1424 620 1647 689 aequatio
1685 639 1855 671 annua
1894 619 2051 670 medii
2077 620 2247 673 motus

106 714 276 766 Lunae
304 715 498 765 oriatur
524 732 554 764 a
578 710 716 762 varia
734 709 1033 760 dilatatione
1055 709 1193 759 orbis
1213 708 1381 758 Lunae
1406 725 1499 774 per
1525 708 1629 758 vim
1655 708 1803 770 Solis,
1824 709 1976 776 juxta
1998 708 2173 760 Corol.
2196 718 2245 762 6.

107 805 265 873 Prop.
297 803 504 856 LXVI.
533 802 649 854 Lib.
680 802 723 852 Ι.

801 800 864 869 (¹¹)
908 802 1045 852 Haec
1070 801 1145 850 vis
1171 800 1224 849 in
1249 798 1477 867 perigaeo
1507 799 1641 849 Solis
1678 803 1841 868 major
1867 810 1959 862 est,
1989 811 2041 851 et
2065 801 2248 851 orbem

106 894 274 945 Lunae
300 893 505 953 dilatat3
544 891 598 941 in
643 909 858 962 apogaeo
885 893 993 960 ejus
1019 890 1189 941 minor
1229 898 1322 950 est,
1367 897 1418 938 et
1462 888 1644 939 orbem
1682 890 1827 940 illum
1867 891 2102 943 contrahi
2126 911 2246 960 per-

102 983 285 1035 mittit·
350 982 415 1033 In
457 981 583 1032 orbe
610 980 823 1032 dilatato
852 981 1006 1031 Luna
1030 977 1225 1031 tardius
1252 976 1547 1039 revolvitur,
1592 977 1645 1027 in
1687 989 1951 1031 contracto
1978 980 2157 1043 citius3
2196 994 2248 1033 et

103 1070 325 1140 aequatio
355 1088 542 1132 annua,
569 1088 664 1137 per
690 1088 845 1139 quam
870 1069 985 1120 haec
1009 1066 1335 1137 inaequalitas.
1356 1077 1735 1133 compensatur,
1779 1066 1832 1134 (ἱ)
1873 1068 1926 1117 in
1952 1088 2169 1139 apogaeo
2196 1080 2248 1122 et

100 1161 328 1231 perigaeo
357 1161 490 1214 Solis
516 1161 659 1215 nulla
685 1170 778 1223 est,
808 1159 873 1232 (Κ).
890 1160 944 1216 in
968 1156 1217 1213 mediocri
1240 1155 1373 1211 Solis
1400 1174 1430 1208 a
1457 1153 1622 1210 Terra
1645 1155 1886 1211 distantia
1912 1158 1977 1211 ad
2008 1159 2104 1212 ll'.
2129 1161 2245 1213 50'‘.

463 1358 679 1397 PROBL.
714 1357 783 1395 ΙΙ.-

158 1463 391 1503 Variationis
417 1464 709 1503 excentricitatis
736 1461 988 1513 quantitatem
1021 1460 1142 1499 maxi.

102 1529 205 1555 mam
226 1517 491 1555 determinare.

157 1571 250 1626 ῌοο
273 1570 477 1608 Problema
503 1570 656 1608 nonnisi
687 1583 755 1619 per
787 1568 1145 1608 determinationem

100 1636 199 1661 verae
219 1636 356 1668 curvae,
385 1636 503 1674 quam
530 1625 701 1673 sequitur
722 1625 849 1669 Luna,
881 1630 1002 1671 potest
1020 1621 1145 1659 deter-

101 1677 252 1720 minari,
275 1675 352 1726 qua
372 1689 450 1713 non
469 1676 625 1714 inventa
643 1677 691 1714 ad
710 1677 989 1714 observationes
1014 1687 1144 1712 recur-

101 1730 279 1775 rendum,
294 1737 338 1766 ut
351 1730 485 1767 fecisse
500 1730 650 1767 videtur
666 1731 899 1775 Newtonus,
911 1728 1144 1766 mediocrem

102 1782 427 1820 excentricitatem
456 1796 536 1820 esse
563 1783 731 1831 partium
759 1788 863 1822 5505
890 1794 1056 1832 quarum
1083 1792 1143 1818 ra-

102 1835 189 1873 dius
208 1835 256 1873 sit
278 1840 432 1874 100000
450 1836 623 1882 assumit,
641 1844 680 1874 et
698 1835 910 1873 maximum
929 1835 1143 1871 incremen-

100 1895 187 1927 tum
217 1888 276 1925 vel
306 1888 594 1926 decrementum
622 1889 781 1927 assumit
817 1887 956 1939 1172}‚
987 1895 1068 1925 tam
1095 1899 1142 1924 ex

101 1941 429 1980 observationibus
473 1941 591 1991 quam
626 1943 729 1992 quod
771 1942 835 1979 ille
873 1954 1060 1979 numerus
1093 1940 1143 1977 ad

101 1995 408 2033 concinnandam
446 1997 769 2033 constructionem
813 2008 883 2043 pro
928 1994 1142 2044 aequatione

101 2049 250 2098 apogaei
270 2048 497 2089 commodus
516 2057 623 2095 esset,
645 2058 689 2086 ut
707 2062 778 2086 suo
796 2048 881 2085 loco
900 2048 1088 2085 dicemus·

156 2100 282 2138 Illust.
304 2101 487 2139 cassinus
501 2102 732 2140 mediocrem
752 2102 859 2139 illam
878 2102 1141 2139 excentricita-

100 2162 180 2193 tem
191 2153 282 2192 facit
295 2159 398 2193 5430
413 2155 693 2193 incrementum
705 2154 794 2193 vero
805 2163 843 2192 et
854 2155 1142 2192 decrementum

106 2211 220 2252 1086,
241 2219 311 2244 nec
330 2207 430 2246 male
451 2209 531 2245 haec
550 2209 794 2246 consentiunt
812 2220 902 2246 cum
921 2207 1140 2257 quantitati-

98 2261 173 2299 bus
194 2260 310 2298 Proh.
333 2260 370 2297 Ι.
392 2261 568 2308 inventis,
589 2261 619 2299 si
637 2261 723 2301 Ioco
737 2260 959 2312 quantitatis
973 2261 1138 2299 indeter-

290 2326 316 2350 n

101 2344 257 2384 minatae
274 2368 326 2416 ,ἶ
348 2347 532 2386 scribatur
563 2348 616 2401 ἧς
650 2362 754 2393 nam,
784 2347 826 2387 id
857 2348 1139 2386 incrementum

99 2438 168 2469 aut
186 2431 474 2471 decrementum
492 2433 692 2474 inventum
712 2435 837 2473 fuerat

367 2492 391 2524 2
410 2501 436 2524 n

99 2518 568 2589 5M2r——Ifi-A2p

306 2617 345 2653 A
365 2619 384 2639 2

99 2667 375 2717 quantitatibus
386 2682 472 2720 quae
483 2670 532 2708 ad
544 2672 825 2722 simplicitatem
840 2672 979 2711 calculi
991 2672 1141 2711 omissae

98 2720 255 2758 fuerant
286 2721 377 2759 cum
406 2725 669 2763 excentricitas
696 2727 851 2764 inventa
878 2726 1013 2765 fuisset
1039 2726 1061 2763 f
1084 2726 1137 2778 -·}-

100 2782 190 2821 Μ2
288 2779 1027 2876 314x31‘2-z2'4-12r3fy24
1053 2791 1140 2853 RE

1056 2859 1138 2895 ΛΖ

101 2851 142 2887 Α
172 2851 191 2873 ²
213 2821 257 2864 χ
289 2860 300 2887 ··,,
592 2864 612 2888 r
630 2854 648 2882 5

668 2962 678 2980 ,
699 2935 782 2972 haec
801 2932 926 2972 evadit
947 2938 1056 2984 (cum
1076 2946 1142 2983 ap-

570 2615 582 2634 ,
620 2586 700 2625 sive
726 2587 942 2626 accuratius
978 2586 1142 2636 sumptis

96 2907 666 3009 X4f—2—:3-›Xy2522

95 3025 194 3064 sides
221 3032 312 3064 sunt
340 3024 381 3063 in
409 3023 573 3074 syzygiis
596 3028 635 3059 et
666 3034 686 3058 z
703 3037 760 3057 =
780 3033 815 3066 o,
846 3033 871 3070 y
889 3035 946 3055 =
966 3018 1003 3069 r)
1037 3018 1059 3055 f
1087 3020 1140 3071 ..1-

97 3079 145 3117 M
166 3081 184 3103 ²
613 3075 659 3112 M
681 3076 699 3097 ²
1079 3104 1090 3115 ,

98 3134 186 3182 A—z-
203 3117 245 3159 χ
263 3113 336 3164 (51·
352 3111 405 3164 -1-
427 3107 520 3159 12f)
539 3109 592 3162 4
609 3130 699 3178 -A—-2
716 3112 757 3153 ><
776 3105 981 3157 (4f—p),
998 3112 1142 3143 etcum

93 3206 184 3236 sunt
210 3198 251 3237 in
277 3194 519 3247 quadraturis
545 3193 613 3232 ubi
640 3207 660 3230 z
678 3210 734 3230 =
753 3206 773 3230 r
798 3198 837 3229 et
863 3204 888 3241 y
906 3207 963 3228 =
982 3203 1020 3237 ο,
1049 3190 1072 3227 f
1092 3212 1144 3220 -

96 3251 182 3289 Μ2
414 3249 501 3288 Μ2
1035 3276 1044 3283 .
1115 3274 1126 3282 .

95 3307 184 3355 F
202 3289 243 3330 ><
261 3289 318 3322 31·
338 3284 391 3336 -1-
416 3304 500 3354 Ᾱ-2
519 3284 560 3327 ><
582 3279 722 3332 (41·-1-
740 3278 799 3328 p),
818 3275 924 3315 unde
941 3274 1145 3313 medlocns

534 3366 654 3404 ,M2

95 3400 358 3440 excentricitas
375 3408 433 3440 est
450 3401 473 3439 f
487 3401 541 3453 -ὶ-
567 3434 604 3470 A
634 3434 653 3455 2

94 3528 178 3559 tum
197 3519 259 3558 vel
277 3519 575 3564 decrementum,
597 3486 684 3589 {ll—²2-
703 3521 743 3563 ><
761 3503 957 3566 &TW
969 3533 1021 3543 —
1039 3525 1077 3563 p.

491 3603 540 3640 Μ
560 3605 581 3626 2

496 3671 535 3708 A
564 3671 583 3693 2

95 3759 155 3802 tis,
188 3756 394 3797 mediocris
420 3754 685 3796 excentricitas
715 3755 754 3807 (1
780 3753 833 3807 -Ι-

678 3403 719 3445 ><
745 3402 795 3436 10
813 3398 843 3445 f,
873 3404 912 3436 et
929 3394 1143 3432 incremen-

602 3651 659 3673 =
679 3637 799 3673 ,0055
819 3644 865 3670 ex
885 3630 994 3681 prius
1013 3631 1138 3670 inven-

860 3717 980 3822 ’Ἓξ
1001 3718 1042 3800 ²)
1066 3755 1108 3797 ><

106 3849 242 3893 (quam
262 3843 443 3883 Cassinus
454 3842 600 3879 invenit
614 3846 719 3881 5430
736 3851 774 3880 et
792 3843 1005 3882 Newtonus
1020 3849 1142 3899 5505)

107 3901 165 3933 est
187 3899 304 3935 1·o55
332 3896 360 3943 f,
388 3896 480 3934 hinc
497 3903 554 3934 est
580 3895 602 3933 f
613 3912 670 3933 =
690 3900 793 3935 5147
813 3896 1028 3938 secundum
1051 3901 1144 3942 Cas.

152 3636 254 3678 cum
275 3637 404 3688 itaque
422 3636 472 3675 sit

1199 1355 1327 1392 sinum
1365 1362 1404 1392 et
1441 1358 1543 1394 5218
1582 1354 1798 1393 secundum
1842 1356 2093 1402 Newtonum,
2141 1359 2247 1407 quod

1197 1417 1406 1457 utrumque
1422 1407 1583 1445 ductum
1604 1409 1645 1445 in
1664 1413 1800 1455 .0055,
1817 1410 1925 1457 prius
1939 1410 2056 1447 efficit
2076 1414 2247 1449 1819..85

1197 1461 1361 1498 alterum
1386 1465 1529 1498 1822-2
1550 1460 1718 1511 cumque
1750 1476 1775 1511 p
1805 1464 1854 1499 sit
1873 1467 1962 1506 719,
1993 1463 2033 1499 id
2054 1476 2099 1500 ex
2120 1465 2247 1511 priore

1202 1514 1416 1551 detractum
1428 1514 1609 1564 relinquit
1624 1519 1636 1551 1
1649 1519 1800 1561 10085,
1814 1528 1860 1552 ex
1873 1517 2080 1564 posteriore
2093 1521 2107 1553 l
2120 1522 2247 1564 105.2;

1200 1567 1266 1617 qui
1288 1564 1440 1604 numeri
1458 1568 1635 1605 incidunt
1655 1568 1754 1605 inter
1774 1573 1874 1606 1172
1894 1577 1931 1606 et
1957 1575 2056 1607 1086
2068 1583 2164 1620 quos
2179 1584 2249 1619 pro

1202 1619 1497 1658 excentricitatis
1509 1621 1716 1658 variatione
1731 1621 1929 1673 assignant
1945 1623 2162 1660 Newtonus
2182 1631 2249 1661 aut

1208 1673 1391 1710 Halleius
1411 1682 1449 1711 et
1471 1674 1666 1712 Cassinus.

1255 1728 1318 1778 (†)
1356 1730 1377 1751 ²*
1415 1729 1532 1765 Hisce
1562 1736 1750 1770 motuum,
1783 1728 1854 1766 &co
1925 1729 2027 1767 Haec
2057 1738 2113 1768 est
2143 1731 2248 1767 enim

1199 1778 1367 1817 veritatis
1397 1780 1480 1829 ejus
1511 1780 1667 1817 theoriae
1685 1781 1893 1819 fortissima
1920 1784 2108 1830 probatiO,
2142 1784 2173 1820 si
2203 1798 2248 1821 ea

1198 1844 1285 1881 quae
1322 1832 1594 1871 mathematice
1629 1833 1876 1872 deducuntur
1921 1848 1968 1872 ex
2017 1834 2063 1872 ea
2100 1835 2249 1874 theoria

1198 1885 1372 1933 apprime
1402 1886 1642 1924 consentiant
1670 1899 1760 1925 cum
1788 1889 2055 1936 phaenomenis
2084 1889 2127 1926 in
2156 1902 2249 1927 casu

1198 1938 1367 1976 maxime
1386 1940 1609 1988 composito.

1253 1992 1312 2043 (ἢ)
1346 1995 1368 2016 ²*
1392 1995 1490 2031 Haec
1520 1996 1573 2032 υἱε
1604 1996 1646 2032 in
1670 1997 1834 2044 perigceo
1856 1998 1946 2034 Solis
1979 1997 2102 2046 major
2129 2005 2183 2036 est
2214 2006 2250 2036 et

1198 2046 1321 2083 orbem
1343 2047 1473 2084 Lunae
1493 2049 1625 2086 dilatat
1639 2067 1653 2093 ;
1686 2048 1741 2085 vis
1763 2048 1863 2085 Solis
1882 2049 2090 2099 aliquando
2109 2050 2249 2101 adjun-

1198 2098 1304 2148 gitur
1316 2098 1351 2135 vi
1370 2100 1500 2136 Terrae
1512 2108 1557 2138 ut
1574 2101 1730 2138 Lunam
1746 2114 1876 2139 versus
1894 2103 2054 2140 Terram
2070 2105 2246 2150 attrahat,

1198 2151 1405 2201 aliquando
1423 2152 1538 2202 idque
1570 2153 1712 2203 saepius
1744 2163 1782 2192 et
1813 2155 1881 2193 ubi
1913 2154 2051 2193 fortius
2082 2157 2174 2207 agit,
2210 2158 2249 2194 vi

1200 2204 1333 2242 Terrae
1352 2213 1410 2243 est
1428 2207 1614 2255 opposita,
1636 2215 1675 2244 et
1694 2208 1852 2245 Lunam
1873 2222 1895 2246 a
1917 2209 1954 2246 T
1955 2207 2039 2246 erra
2057 2209 2245 2257 distrahit,

1195 2258 1325 2307 itaque
1357 2266 1438 2296 toto
1471 2260 1611 2297 effectu
1631 2261 1687 2298 vis
1711 2261 1809 2298 Solis
1838 2262 1956 2299 simul
1988 2263 2242 2307 considerato,

1197 2311 1317 2350 Luna
1348 2324 1417 2360 per
1449 2325 1534 2349 eam
1553 2313 1631 2349 vim
1661 2328 1685 2351 a
1718 2314 1839 2352 Terra
1857 2315 2093 2360 distrahitur,
2129 2325 2168 2354 et
2199 2315 2247 2355 εό

1196 2365 1321 2415 magis
1339 2363 1419 2415 quo
1438 2379 1483 2403 ea
1503 2366 1558 2403 vis
1581 2366 1679 2404 Solis
1697 2368 1821 2418 major
1840 2376 1908 2414 est,
1940 2367 2107 2420 ideoque
2128 2371 2247 2409 Luna

1196 2418 1323 2467 magis
1341 2432 1364 2456 a
1387 2417 1509 2456 Terra
1538 2420 1762 2458 distrahitur
1793 2421 1889 2459 dum
1925 2423 2045 2459 Terra
2078 2434 2248 2462 versatur

1195 2471 1238 2508 in
1257 2484 1327 2509 suo
1345 2473 1531 2520 perihelio
1549 2472 1668 2523 quam
1699 2474 1767 2512 ubi
1796 2482 1967 2512 versatur
1994 2476 2035 2511 in
2063 2477 2240 2524 aphelio:

1195 2524 1288 2562 hinc
1306 2525 1431 2573 primo
1462 2539 1552 2564 casu
1573 2527 1693 2565 orbita
1712 2527 1840 2566 Lunae
1867 2529 1993 2579 magis
2011 2538 2069 2567 est
2087 2530 2245 2568 dilatata

1196 2575 1313 2626 quam
1332 2579 1405 2616 hoc
1424 2579 1555 2617 altero.

1225 2649 1233 2657 ·
1252 2629 1301 2681 (²)
1326 2633 1345 2655 ’¹‘
1365 2634 1417 2670 In
1435 2647 1583 2681 apogaeo
1603 2641 1637 2672 et
1658 2637 1823 2683 perigaeo
1845 2638 1939 2674 Solis
1958 2639 2066 2674 nulla
2085 2645 2137 2675 est
2154 2655 2168 2675 ,·
2201 2637 2243 2675 id

1197 2682 1359 2720 omnin&
1371 2684 1492 2733 liquet
1507 2698 1551 2721 ex
1570 2686 1658 2724 Cor.
1675 2692 1711 2724 2.
1725 2687 1856 2725 Probl.
1871 2689 1922 2724 V.
1940 2690 2076 2738 prioris
2090 2690 2242 2736 calculi,

1197 2748 1289 2773 nam
1326 2749 1372 2774 ex
1408 2738 1455 2774 iis
1491 2751 1579 2788 quae
1615 2740 1656 2776 in
1689 2752 1735 2777 eo
1771 2741 1984 2778 Corollario
2021 2751 2246 2781 statuuntur

1196 2788 1318 2839 liquet
1335 2790 1438 2840 quod
1459 2799 1504 2828 ut
1522 2792 1706 2830 habeatur
1724 2794 1890 2844 aequatio
1909 2795 2045 2844 quovis
2076 2796 2116 2832 in
2146 2797 2243 2844 loco,

1195 2843 1279 2879 haec
1307 2844 1501 2892 proportio
1521 2853 1576 2882 est
1595 2846 1842 2892 instituenda,
1876 2856 1922 2885 ut
1949 2861 2048 2886 areae
2068 2850 2245 2897 ellipseos

1196 2908 1314 2945 quam
1338 2897 1457 2934 Terra
1490 2897 1668 2936 describit
1698 2899 1905 2937 dimidium
1938 2902 1988 2939 ad
2020 2916 2147 2940 aream
2176 2903 2243 2941 de-

1196 2948 1373 2997 scriptam
1395 2964 1418 2987 a
1438 2950 1560 2988 Terra
1573 2953 1621 2989 ab
1635 2953 1786 3001 aphelio
1801 2954 1879 3004 (vel
1895 2956 2096 3005 perihelio)
2119 2970 2241 3006 usque

1175 3029 1183 3037 .
1196 3003 1247 3039 ad
1266 3015 1357 3039 eum
1376 3002 1505 3041 locum
1526 3006 1778 3053 propositum,
1800 3008 1852 3044 ita
1872 3009 2062 3046 semestris
2081 3010 2243 3048 tardatio

1196 3055 1248 3092 ad
1265 3056 1519 3094 tardationem
1547 3058 1732 3097 mediocri
1759 3060 1884 3097 motui
1903 3061 2144 3111 adscriptam,
2175 3064 2243 3101 sed

1196 3107 1239 3144 in
1257 3109 1331 3146 hoc
1363 3122 1455 3147 casu
1487 3124 1533 3148 ea
1563 3124 1651 3149 area
1671 3126 1693 3149 a
1714 3113 1835 3151 Terra
1854 3114 2042 3163 descripta
2075 3124 2130 3153 est
2160 3116 2243 3166 ipsa

1199 3162 1307 3199 semi·
1316 3162 1471 3211 ellipsis,
1505 3177 1597 3215 ergo
1629 3167 1745 3203 etiam
1775 3166 1938 3205 tardatio
1970 3169 2098 3206 medio
2117 3170 2242 3207 motui

1198 3214 1387 3264 adscripta
1420 3225 1477 3253 est
1505 3217 1588 3266 ipsa
1618 3221 1810 3257 semestris
1828 3221 1989 3259 tardatio
2004 3237 2016 3268 ;
2047 3229 2130 3259 tum
2148 3221 2240 3261 vero

1198 3267 1366 3305 sumitur
1383 3281 1430 3306 ex
1452 3270 1586 3308 Probl·
1610 3271 1688 3309 IV.
1710 3273 1871 3311 tardatio
1890 3274 1975 3312 loco
1993 3275 2085 3312 dato
2104 3289 2242 3313 conve-

1197 3320 1310 3358 niens
1327 3334 1414 3371 quae
1433 3335 1477 3359 ex
1499 3324 1711 3363 tardatione
1729 3326 1912 3364 mediocri
1932 3328 2089 3372 tollitur,
2112 3336 2150 3366 et
2168 3329 2243 3366 dif-

1196 3373 1361 3412 ferentia
1379 3383 1435 3413 est
1454 3377 1619 3427 aequatio
1637 3380 1797 3429 quaesita
1808 3395 1823 3427 ς
1850 3381 1915 3418 sed
1934 3393 2068 3419 rursus
2094 3395 2138 3420 ea
2165 3390 2241 3420 tar-

1198 3426 1304 3464 datio
1322 3428 1474 3476 aphelio
1504 3438 1574 3468 aut
1605 3432 1789 3480 perihe-lio
1814 3435 2046 3471 conveniens
2076 3443 2133 3472 est
2160 3436 2243 3484 ipsa

1201 3481 1391 3518 semestris
1409 3481 1583 3527 tardatio,
1606 3497 1710 3535 ergo,
1746 3498 1793 3523 ex
1823 3487 2039 3525 tardatione
2057 3489 2242 3526 mediocri

1199 3533 1325 3570 motui
1344 3546 1389 3571 eo
1408 3534 1447 3571 in
1467 3535 1552 3574 loco
1570 3536 1770 3586 adscripta,
1802 3538 1972 3579 detracta
2003 3541 2157 3578 nullum
2186 3549 2244 3579 est

1199 3585 1409 3631 residuum,
1431 3587 1524 3626 cum
1542 3589 1656 3637 plane
1674 3593 1750 3629 sint
1769 3593 1945 3642 aequales,
1966 3606 2060 3644 ergo
2078 3595 2244 3646 aequatio

1199 3638 1241 3675 in
1259 3651 1418 3690 apogaeo
1436 3654 1479 3678 ac
1498 3643 1664 3692 perigaeo
1684 3645 1794 3683 nulla
1813 3654 1879 3683 est.

1255 3691 1315 3744 (¹)
1338 3695 1358 3716 ⁸*
1373 3695 1426 3732 In
1444 3698 1622 3735 mediocri
1641 3700 1732 3736 Solis
1751 3698 1941 3743 distanlid,
1961 3700 2034 3739 ἃς.
2091 3701 2243 3739 Viden·

1200 3751 1265 3782 tur
1283 3745 1366 3782 haec
1385 3749 1497 3785 verba
1529 3756 1694 3788 statuere
1724 3752 1818 3801 quid
1837 3761 1983 3790 constet
2003 3766 2048 3790 ex
2069 3756 2244 3793 observa-

1201 3797 1383 3844 tionibus,
1406 3813 1546 3851 nempe
1563 3803 1663 3841 hanc
1682 3806 1939 3855 aequationem
1957 3819 2037 3844 esse
2062 3808 2132 3846 ll'·
2153 3809 2239 3847 50⁰·

1203 3851 1271 3888 ubi
1290 3853 1459 3891 maxima
1476 3863 1544 3901 est,
1565 3863 1604 3893 et
1621 3869 1701 3895 esse
1720 3858 1926 3909 aequationi
1945 3861 2064 3899 centri
2085 3874 2243 3910 propor-

1202 3903 1400 3955 tionalem,
1446 3909 1730 3950 observavimus
1770 3920 1898 3951 autem
1925 3912 1989 3952 111.
2038 3915 2243 3954 Cassinum
