<?xml version="1.0" encoding="UTF-8"?>
<!DOCTYPE html PUBLIC "-//W3C//DTD XHTML 1.0 Transitional//EN"
    "http://www.w3.org/TR/xhtml1/DTD/xhtml1-transitional.dtd">
<html xmlns="http://www.w3.org/1999/xhtml" xml:lang="en" lang="en">
 <head>
  <title>
</title>
<meta http-equiv="Content-Type" content="text/html;charset=utf-8" />
  <meta name='ocr-system' content='tesseract 3.04.00' />
  <meta name='ocr-capabilities' content='ocr_page ocr_carea ocr_par ocr_line ocrx_word'/>
</head>
<body>
  <div class='ocr_page' id='page_1' title='image "./philonatrualprin04newtrich_0142.png"; bbox 0 0 2540 4296; ppageno 0'>
   <div class='ocr_carea' id='block_1_1' title="bbox 187 270 2385 341">
    <p class='ocr_par' dir='ltr' id='par_1_1' title="bbox 187 270 2385 341">
     <span class='ocr_line' id='line_1_1' title="bbox 187 270 2385 341; baseline 0.002 -17"><span class='ocrx_word' id='word_1_1' title='bbox 187 329 194 341; x_wconf 51' lang='grc'>,</span> <span class='ocrx_word' id='word_1_2' title='bbox 253 276 354 324; x_wconf 79' lang='lat'><em>124·</em></span> <span class='ocrx_word' id='word_1_3' title='bbox 717 270 1286 325; x_wconf 79' lang='lat' dir='ltr'>PHILOSOPHIAE</span> <span class='ocrx_word' id='word_1_4' title='bbox 1328 272 1780 327; x_wconf 83' lang='lat' dir='ltr'><strong>NATURALIS</strong></span> <span class='ocrx_word' id='word_1_5' title='bbox 1855 275 1974 338; x_wconf 82' lang='lat' dir='ltr'><em>[DE</em></span> <span class='ocrx_word' id='word_1_6' title='bbox 2002 275 2205 327; x_wconf 83' lang='lat' dir='ltr'><strong>MUND.</strong></span> <span class='ocrx_word' id='word_1_7' title='bbox 2235 276 2385 330; x_wconf 77' lang='lat' dir='ltr'>SYST.</span> 
     </span>
    </p>
   </div>
   <div class='ocr_carea' id='block_1_2' title="bbox 249 405 2394 569">
    <p class='ocr_par' dir='ltr' id='par_1_2' title="bbox 249 405 2394 569">
     <span class='ocr_line' id='line_1_2' title="bbox 319 405 2394 484; baseline 0.002 -22"><span class='ocrx_word' id='word_1_8' title='bbox 319 410 704 480; x_wconf 85' lang='lat' dir='ltr'><em>Descripsimus</em></span> <span class='ocrx_word' id='word_1_9' title='bbox 721 405 832 480; x_wconf 80' lang='lat' dir='ltr'><em>jam</em></span> <span class='ocrx_word' id='word_1_10' title='bbox 852 421 1076 481; x_wconf 84' lang='lat' dir='ltr'><strong>systema</strong></span> <span class='ocrx_word' id='word_1_11' title='bbox 1098 411 1249 474; x_wconf 80' lang='lat' dir='ltr'><em>Solis,</em></span> <span class='ocrx_word' id='word_1_12' title='bbox 1270 412 1468 476; x_wconf 79' lang='lat' dir='ltr'><em>Terrae,</em></span> <span class='ocrx_word' id='word_1_13' title='bbox 1497 412 1683 477; x_wconf 79' lang='lat' dir='ltr'><em>Lunae,</em></span> <span class='ocrx_word' id='word_1_14' title='bbox 1706 422 1756 465; x_wconf 89' lang='lat' dir='ltr'><em>et</em></span> <span class='ocrx_word' id='word_1_15' title='bbox 1780 412 2132 481; x_wconf 86' lang='lat' dir='ltr'><em>planetarum:</em></span> <span class='ocrx_word' id='word_1_16' title='bbox 2161 426 2394 484; x_wconf 84' lang='lat' dir='ltr'><strong>superest</strong></span> 
     </span>
     <span class='ocr_line' id='line_1_3' title="bbox 249 498 1263 569; baseline 0.002 -19"><span class='ocrx_word' id='word_1_17' title='bbox 249 509 306 550; x_wconf 86' lang='lat' dir='ltr'><em>ut</em></span> <span class='ocrx_word' id='word_1_18' title='bbox 330 498 396 552; x_wconf 91' lang='lat' dir='ltr'><em>de</em></span> <span class='ocrx_word' id='word_1_19' title='bbox 423 499 634 552; x_wconf 85' lang='lat' dir='ltr'><em>cometis</em></span> <span class='ocrx_word' id='word_1_20' title='bbox 660 499 910 551; x_wconf 89' lang='lat' dir='ltr'><em>nonnulla</em></span> <span class='ocrx_word' id='word_1_21' title='bbox 942 500 1263 569; x_wconf 84' lang='lat' dir='ltr'>adjiciantur.</span> 
     </span>
    </p>
   </div>
   <div class='ocr_carea' id='block_1_3' title="bbox 1109 698 1534 750">
    <p class='ocr_par' dir='ltr' id='par_1_3' title="bbox 1109 698 1534 750">
     <span class='ocr_line' id='line_1_4' title="bbox 1109 698 1534 750; baseline 0 0"><span class='ocrx_word' id='word_1_22' title='bbox 1109 698 1401 750; x_wconf 83' lang='lat' dir='ltr'>LEMMA</span> <span class='ocrx_word' id='word_1_23' title='bbox 1439 699 1534 750; x_wconf 91' lang='lat' dir='ltr'><em>IV.</em></span> 
     </span>
    </p>
   </div>
   <div class='ocr_carea' id='block_1_4' title="bbox 436 838 2211 907">
    <p class='ocr_par' dir='ltr' id='par_1_4' title="bbox 436 838 2211 907">
     <span class='ocr_line' id='line_1_5' title="bbox 436 838 2211 907; baseline 0.001 -18"><span class='ocrx_word' id='word_1_24' title='bbox 436 839 661 890; x_wconf 82' lang='lat' dir='ltr'><em>Cometas</em></span> <span class='ocrx_word' id='word_1_25' title='bbox 686 856 783 890; x_wconf 83' lang='lat' dir='ltr'><em>esse</em></span> <span class='ocrx_word' id='word_1_26' title='bbox 808 838 962 890; x_wconf 68' lang='lat' dir='ltr'><em>Lunai</em></span> <span class='ocrx_word' id='word_1_27' title='bbox 989 841 1266 907; x_wconf 78' lang='lat' dir='ltr'><em>superiores</em></span> <span class='ocrx_word' id='word_1_28' title='bbox 1291 848 1338 890; x_wconf 82' lang='lat' dir='ltr'><em>et</em></span> <span class='ocrx_word' id='word_1_29' title='bbox 1364 841 1417 889; x_wconf 82' lang='lat' dir='ltr'><em>in</em></span> <span class='ocrx_word' id='word_1_30' title='bbox 1442 840 1643 906; x_wconf 82' lang='lat' dir='ltr'><em>regione</em></span> <span class='ocrx_word' id='word_1_31' title='bbox 1656 841 1979 907; x_wconf 76' lang='lat' dir='ltr'><em>planetarum</em></span> <span class='ocrx_word' id='word_1_32' title='bbox 2005 841 2211 892; x_wconf 79' lang='lat' dir='ltr'><em>versari.</em></span> 
     </span>
    </p>
   </div>
   <div class='ocr_carea' id='block_1_5' title="bbox 238 975 2404 2411">
    <p class='ocr_par' dir='ltr' id='par_1_5' title="bbox 238 975 2404 2411">
     <span class='ocr_line' id='line_1_6' title="bbox 322 975 2393 1051; baseline 0 -23"><span class='ocrx_word' id='word_1_33' title='bbox 322 976 386 1044; x_wconf 69' lang='lat' dir='ltr'><em>(q)</em></span> <span class='ocrx_word' id='word_1_34' title='bbox 417 975 496 1028; x_wconf 88' lang='lat' dir='ltr'><em>Ut</em></span> <span class='ocrx_word' id='word_1_35' title='bbox 521 975 749 1028; x_wconf 90' lang='lat' dir='ltr'><em>defectus</em></span> <span class='ocrx_word' id='word_1_36' title='bbox 784 976 1108 1045; x_wconf 83' lang='lat' dir='ltr'><em>parallaxeos</em></span> <span class='ocrx_word' id='word_1_37' title='bbox 1142 977 1345 1028; x_wconf 81' lang='lat' dir='ltr'><em>diurnae</em></span> <span class='ocrx_word' id='word_1_38' title='bbox 1371 976 1553 1029; x_wconf 83' lang='lat' dir='ltr'><em>extulit</em></span> <span class='ocrx_word' id='word_1_39' title='bbox 1579 988 1802 1030; x_wconf 89' lang='lat' dir='ltr'><em>cometas</em></span> <span class='ocrx_word' id='word_1_40' title='bbox 1829 998 1985 1048; x_wconf 88' lang='lat' dir='ltr'><em>supra</em></span> <span class='ocrx_word' id='word_1_41' title='bbox 2010 981 2246 1051; x_wconf 83' lang='lat' dir='ltr'><em>regiones</em></span> <span class='ocrx_word' id='word_1_42' title='bbox 2273 977 2393 1030; x_wconf 86' lang='lat' dir='ltr'><em>sub-</em></span> 
     </span>
     <span class='ocr_line' id='line_1_7' title="bbox 246 1066 2394 1142; baseline 0.002 -26"><span class='ocrx_word' id='word_1_43' title='bbox 246 1066 469 1130; x_wconf 83' lang='lat' dir='ltr'><em>lunareS,</em></span> <span class='ocrx_word' id='word_1_44' title='bbox 498 1070 558 1137; x_wconf 64' lang='lat' dir='ltr'><em>(f)</em></span> <span class='ocrx_word' id='word_1_45' title='bbox 581 1068 654 1121; x_wconf 92' lang='lat' dir='ltr'><em>sic</em></span> <span class='ocrx_word' id='word_1_46' title='bbox 680 1087 745 1120; x_wconf 84' lang='lat' dir='ltr'><em>ex</em></span> <span class='ocrx_word' id='word_1_47' title='bbox 769 1069 1022 1137; x_wconf 83' lang='lat' dir='ltr'><em>parallaxi</em></span> <span class='ocrx_word' id='word_1_48' title='bbox 1048 1068 1217 1120; x_wconf 68' lang='lat' dir='ltr'><em>annua</em></span> <span class='ocrx_word' id='word_1_49' title='bbox 1243 1068 1566 1121; x_wconf 88' lang='lat' dir='ltr'><em>convincitur</em></span> <span class='ocrx_word' id='word_1_50' title='bbox 1585 1087 1764 1120; x_wconf 90' lang='lat' dir='ltr'><em>eorum</em></span> <span class='ocrx_word' id='word_1_51' title='bbox 1784 1069 2058 1122; x_wconf 83' lang='lat' dir='ltr'><em>descensus</em></span> <span class='ocrx_word' id='word_1_52' title='bbox 2084 1072 2138 1121; x_wconf 87' lang='lat' dir='ltr'><em>in</em></span> <span class='ocrx_word' id='word_1_53' title='bbox 2158 1071 2394 1142; x_wconf 80' lang='lat' dir='ltr'><em>regiones</em></span> 
     </span>
     <span class='ocr_line' id='line_1_8' title="bbox 245 1156 2396 1230; baseline 0.002 -25"><span class='ocrx_word' id='word_1_54' title='bbox 245 1156 587 1224; x_wconf 85' lang='lat' dir='ltr'><em>planetarum.</em></span> <span class='ocrx_word' id='word_1_55' title='bbox 668 1156 806 1208; x_wconf 88' lang='lat' dir='ltr'><em>Nam</em></span> <span class='ocrx_word' id='word_1_56' title='bbox 832 1167 1063 1221; x_wconf 81' lang='lat' dir='ltr'><em>cometae,</em></span> <span class='ocrx_word' id='word_1_57' title='bbox 1101 1158 1188 1227; x_wconf 92' lang='lat' dir='ltr'><em>qui</em></span> <span class='ocrx_word' id='word_1_58' title='bbox 1220 1158 1626 1230; x_wconf 84' lang='lat' dir='ltr'><em>progrediuntur</em></span> <span class='ocrx_word' id='word_1_59' title='bbox 1651 1158 1935 1210; x_wconf 90' lang='lat' dir='ltr'><em>secundum</em></span> <span class='ocrx_word' id='word_1_60' title='bbox 1961 1159 2195 1211; x_wconf 88' lang='lat' dir='ltr'><em>ordinem</em></span> <span class='ocrx_word' id='word_1_61' title='bbox 2224 1160 2396 1230; x_wconf 91' lang='lat' dir='ltr'><em>signo-</em></span> 
     </span>
     <span class='ocr_line' id='line_1_9' title="bbox 248 1248 2394 1322; baseline 0.002 -25"><span class='ocrx_word' id='word_1_62' title='bbox 248 1265 382 1309; x_wconf 83' lang='lat' dir='ltr'><em>rum,</em></span> <span class='ocrx_word' id='word_1_63' title='bbox 411 1257 530 1299; x_wconf 90' lang='lat' dir='ltr'><em>sunt</em></span> <span class='ocrx_word' id='word_1_64' title='bbox 555 1265 735 1299; x_wconf 88' lang='lat' dir='ltr'><em>omnes</em></span> <span class='ocrx_word' id='word_1_65' title='bbox 762 1248 859 1299; x_wconf 87' lang='lat' dir='ltr'><em>sub</em></span> <span class='ocrx_word' id='word_1_66' title='bbox 885 1248 1028 1299; x_wconf 82' lang='lat' dir='ltr'><em>exitu</em></span> <span class='ocrx_word' id='word_1_67' title='bbox 1054 1250 1389 1317; x_wconf 85' lang='lat' dir='ltr'><em>apparitionis</em></span> <span class='ocrx_word' id='word_1_68' title='bbox 1415 1260 1503 1301; x_wconf 86' lang='lat' dir='ltr'><em>aut</em></span> <span class='ocrx_word' id='word_1_69' title='bbox 1529 1249 1681 1301; x_wconf 87' lang='lat' dir='ltr'><em>solito</em></span> <span class='ocrx_word' id='word_1_70' title='bbox 1700 1250 1951 1301; x_wconf 85' lang='lat' dir='ltr'><em>tardiores</em></span> <span class='ocrx_word' id='word_1_71' title='bbox 1978 1261 2066 1302; x_wconf 87' lang='lat' dir='ltr'><em>aut</em></span> <span class='ocrx_word' id='word_1_72' title='bbox 2090 1252 2394 1322; x_wconf 84' lang='lat' dir='ltr'><em>retrogradi,</em></span> 
     </span>
     <span class='ocr_line' id='line_1_10' title="bbox 247 1338 2400 1414; baseline 0.002 -25"><span class='ocrx_word' id='word_1_73' title='bbox 247 1339 290 1389; x_wconf 90' lang='lat' dir='ltr'><em>si</em></span> <span class='ocrx_word' id='word_1_74' title='bbox 330 1338 498 1390; x_wconf 86' lang='lat' dir='ltr'><em>Terra</em></span> <span class='ocrx_word' id='word_1_75' title='bbox 535 1348 613 1391; x_wconf 88' lang='lat' dir='ltr'><em>est</em></span> <span class='ocrx_word' id='word_1_76' title='bbox 648 1339 783 1391; x_wconf 90' lang='lat' dir='ltr'><em>inter</em></span> <span class='ocrx_word' id='word_1_77' title='bbox 818 1340 958 1408; x_wconf 87' lang='lat' dir='ltr'><em>ipsos</em></span> <span class='ocrx_word' id='word_1_78' title='bbox 997 1351 1048 1393; x_wconf 89' lang='lat' dir='ltr'><em>et</em></span> <span class='ocrx_word' id='word_1_79' title='bbox 1089 1341 1263 1394; x_wconf 88' lang='lat' dir='ltr'><em>Solem</em></span> <span class='ocrx_word' id='word_1_80' title='bbox 1281 1362 1295 1403; x_wconf 88' lang='lat'><em>3</em></span> <span class='ocrx_word' id='word_1_81' title='bbox 1334 1351 1386 1393; x_wconf 89' lang='lat' dir='ltr'><em>at</em></span> <span class='ocrx_word' id='word_1_82' title='bbox 1414 1342 1556 1411; x_wconf 87' lang='lat' dir='ltr'><em>justo</em></span> <span class='ocrx_word' id='word_1_83' title='bbox 1581 1340 1852 1393; x_wconf 88' lang='lat' dir='ltr'><em>celeriores</em></span> <span class='ocrx_word' id='word_1_84' title='bbox 1880 1342 1918 1392; x_wconf 90' lang='lat' dir='ltr'><em>si</em></span> <span class='ocrx_word' id='word_1_85' title='bbox 1949 1342 2117 1393; x_wconf 89' lang='lat' dir='ltr'><em>Terra</em></span> <span class='ocrx_word' id='word_1_86' title='bbox 2142 1343 2309 1414; x_wconf 88' lang='lat' dir='ltr'><em>vergit</em></span> <span class='ocrx_word' id='word_1_87' title='bbox 2333 1343 2400 1393; x_wconf 87' lang='lat' dir='ltr'><em>ad</em></span> 
     </span>
     <span class='ocr_line' id='line_1_11' title="bbox 246 1432 2401 1505; baseline 0.001 -23"><span class='ocrx_word' id='word_1_88' title='bbox 246 1432 643 1501; x_wconf 87' lang='lat' dir='ltr'><em>oppositionem.</em></span> <span class='ocrx_word' id='word_1_89' title='bbox 721 1432 792 1484; x_wconf 86' lang='lat' dir='ltr'><em>Et</em></span> <span class='ocrx_word' id='word_1_90' title='bbox 834 1444 1030 1497; x_wconf 89' lang='lat' dir='ltr'><em>contra,</em></span> <span class='ocrx_word' id='word_1_91' title='bbox 1074 1434 1164 1503; x_wconf 91' lang='lat' dir='ltr'><em>qui</em></span> <span class='ocrx_word' id='word_1_92' title='bbox 1206 1443 1434 1505; x_wconf 88' lang='lat' dir='ltr'><em>pergunt</em></span> <span class='ocrx_word' id='word_1_93' title='bbox 1472 1443 1653 1485; x_wconf 89' lang='lat' dir='ltr'><em>contra</em></span> <span class='ocrx_word' id='word_1_94' title='bbox 1691 1433 1930 1484; x_wconf 87' lang='lat' dir='ltr'><em>ordinem</em></span> <span class='ocrx_word' id='word_1_95' title='bbox 1968 1434 2236 1505; x_wconf 89' lang='lat' dir='ltr'><em>signorum</em></span> <span class='ocrx_word' id='word_1_96' title='bbox 2281 1445 2401 1485; x_wconf 88' lang='lat' dir='ltr'><em>sunt</em></span> 
     </span>
     <span class='ocr_line' id='line_1_12' title="bbox 238 1512 2400 1594; baseline -0.001 -19"><span class='ocrx_word' id='word_1_97' title='bbox 238 1525 385 1593; x_wconf 87' lang='lat' dir='ltr'><em>justo</em></span> <span class='ocrx_word' id='word_1_98' title='bbox 411 1524 680 1575; x_wconf 90' lang='lat' dir='ltr'><em>celeriores</em></span> <span class='ocrx_word' id='word_1_99' title='bbox 706 1524 762 1574; x_wconf 89' lang='lat' dir='ltr'><em>in</em></span> <span class='ocrx_word' id='word_1_100' title='bbox 787 1523 892 1576; x_wconf 87' lang='lat' dir='ltr'><em>fine</em></span> <span class='ocrx_word' id='word_1_101' title='bbox 918 1524 1270 1594; x_wconf 83' lang='lat' dir='ltr'><em>apparitioniS‚</em></span> <span class='ocrx_word' id='word_1_102' title='bbox 1299 1525 1342 1575; x_wconf 90' lang='lat' dir='ltr'><em>si</em></span> <span class='ocrx_word' id='word_1_103' title='bbox 1370 1524 1539 1575; x_wconf 91' lang='lat' dir='ltr'><em>Terra</em></span> <span class='ocrx_word' id='word_1_104' title='bbox 1555 1534 1788 1576; x_wconf 87' lang='lat' dir='ltr'><em>versatur</em></span> <span class='ocrx_word' id='word_1_105' title='bbox 1811 1512 1946 1575; x_wconf 86' lang='lat' dir='ltr'><em>inter</em></span> <span class='ocrx_word' id='word_1_106' title='bbox 1970 1523 2110 1592; x_wconf 89' lang='lat' dir='ltr'><em>ipsos</em></span> <span class='ocrx_word' id='word_1_107' title='bbox 2130 1533 2181 1575; x_wconf 89' lang='lat' dir='ltr'><em>et</em></span> <span class='ocrx_word' id='word_1_108' title='bbox 2204 1523 2400 1585; x_wconf 82' lang='lat' dir='ltr'><em>Solem3</em></span> 
     </span>
     <span class='ocr_line' id='line_1_13' title="bbox 246 1612 2400 1685; baseline 0 -22"><span class='ocrx_word' id='word_1_109' title='bbox 246 1622 298 1663; x_wconf 92' lang='lat' dir='ltr'><em>et</em></span> <span class='ocrx_word' id='word_1_110' title='bbox 326 1614 471 1681; x_wconf 90' lang='lat' dir='ltr'><em>justo</em></span> <span class='ocrx_word' id='word_1_111' title='bbox 507 1612 761 1664; x_wconf 82' lang='lat' dir='ltr'><em>tardiores</em></span> <span class='ocrx_word' id='word_1_112' title='bbox 786 1613 868 1665; x_wconf 91' lang='lat' dir='ltr'><em>vel</em></span> <span class='ocrx_word' id='word_1_113' title='bbox 904 1613 1210 1685; x_wconf 88' lang='lat' dir='ltr'><em>retrogradi,</em></span> <span class='ocrx_word' id='word_1_114' title='bbox 1253 1614 1295 1665; x_wconf 92' lang='lat' dir='ltr'><em>si</em></span> <span class='ocrx_word' id='word_1_115' title='bbox 1333 1613 1502 1665; x_wconf 91' lang='lat' dir='ltr'><em>Terra</em></span> <span class='ocrx_word' id='word_1_116' title='bbox 1539 1613 1635 1665; x_wconf 84' lang='lat' dir='ltr'><em>sita</em></span> <span class='ocrx_word' id='word_1_117' title='bbox 1672 1622 1750 1665; x_wconf 89' lang='lat' dir='ltr'><em>est</em></span> <span class='ocrx_word' id='word_1_118' title='bbox 1786 1613 1854 1664; x_wconf 91' lang='lat' dir='ltr'><em>ad</em></span> <span class='ocrx_word' id='word_1_119' title='bbox 1892 1613 2173 1665; x_wconf 90' lang='lat' dir='ltr'><em>contrarias</em></span> <span class='ocrx_word' id='word_1_120' title='bbox 2209 1623 2400 1682; x_wconf 78' lang='lat' dir='ltr'><em>partes,</em></span> 
     </span>
     <span class='ocr_line' id='line_1_14' title="bbox 247 1705 2403 1780; baseline -0.001 -21"><span class='ocrx_word' id='word_1_121' title='bbox 247 1708 304 1776; x_wconf 80' lang='lat'><em>(⁵)</em></span> <span class='ocrx_word' id='word_1_122' title='bbox 336 1708 607 1780; x_wconf 86' lang='lat' dir='ltr'><em>Contingit</em></span> <span class='ocrx_word' id='word_1_123' title='bbox 642 1707 745 1760; x_wconf 93' lang='lat' dir='ltr'><em>hoc</em></span> <span class='ocrx_word' id='word_1_124' title='bbox 780 1707 1006 1760; x_wconf 77' lang='lat' dir='ltr'><em>maxime</em></span> <span class='ocrx_word' id='word_1_125' title='bbox 1033 1727 1100 1760; x_wconf 87' lang='lat' dir='ltr'><em>ex</em></span> <span class='ocrx_word' id='word_1_126' title='bbox 1124 1717 1270 1760; x_wconf 87' lang='lat' dir='ltr'><em>motu</em></span> <span class='ocrx_word' id='word_1_127' title='bbox 1297 1707 1480 1759; x_wconf 81' lang='lat' dir='ltr'><em>Terrae</em></span> <span class='ocrx_word' id='word_1_128' title='bbox 1506 1706 1561 1757; x_wconf 91' lang='lat' dir='ltr'><em>in</em></span> <span class='ocrx_word' id='word_1_129' title='bbox 1585 1706 1728 1757; x_wconf 90' lang='lat' dir='ltr'><em>vario</em></span> <span class='ocrx_word' id='word_1_130' title='bbox 1759 1706 1919 1775; x_wconf 89' lang='lat' dir='ltr'><em>ipsius</em></span> <span class='ocrx_word' id='word_1_131' title='bbox 1946 1705 2063 1769; x_wconf 83' lang='lat' dir='ltr'><em>situ,</em></span> <span class='ocrx_word' id='word_1_132' title='bbox 2102 1706 2321 1775; x_wconf 89' lang='lat' dir='ltr'><em>perinde</em></span> <span class='ocrx_word' id='word_1_133' title='bbox 2345 1715 2403 1757; x_wconf 87' lang='lat' dir='ltr'><em>ut</em></span> 
     </span>
     <span class='ocr_line' id='line_1_15' title="bbox 245 1795 2403 1870; baseline -0 -21"><span class='ocrx_word' id='word_1_134' title='bbox 245 1798 306 1850; x_wconf 84' lang='lat' dir='ltr'><em>fit</em></span> <span class='ocrx_word' id='word_1_135' title='bbox 331 1798 384 1850; x_wconf 92' lang='lat' dir='ltr'><em>in</em></span> <span class='ocrx_word' id='word_1_136' title='bbox 410 1800 648 1868; x_wconf 86' lang='lat' dir='ltr'><em>planetis,</em></span> <span class='ocrx_word' id='word_1_137' title='bbox 678 1799 767 1870; x_wconf 92' lang='lat' dir='ltr'><em>qui</em></span> <span class='ocrx_word' id='word_1_138' title='bbox 790 1818 889 1868; x_wconf 90' lang='lat' dir='ltr'><em>pro</em></span> <span class='ocrx_word' id='word_1_139' title='bbox 912 1809 1057 1851; x_wconf 88' lang='lat' dir='ltr'><em>motu</em></span> <span class='ocrx_word' id='word_1_140' title='bbox 1085 1799 1270 1851; x_wconf 88' lang='lat' dir='ltr'><em>Terrae</em></span> <span class='ocrx_word' id='word_1_141' title='bbox 1296 1798 1378 1849; x_wconf 90' lang='lat' dir='ltr'><em>vel</em></span> <span class='ocrx_word' id='word_1_142' title='bbox 1404 1797 1732 1866; x_wconf 85' lang='lat' dir='ltr'><em>conspirante</em></span> <span class='ocrx_word' id='word_1_143' title='bbox 1757 1795 1839 1847; x_wconf 89' lang='lat' dir='ltr'><em>vel</em></span> <span class='ocrx_word' id='word_1_144' title='bbox 1866 1796 2127 1847; x_wconf 85' lang='lat' dir='ltr'><em>contrario</em></span> <span class='ocrx_word' id='word_1_145' title='bbox 2153 1814 2295 1847; x_wconf 91' lang='lat' dir='ltr'><em>nunc</em></span> <span class='ocrx_word' id='word_1_146' title='bbox 2320 1815 2403 1848; x_wconf 66' lang='lat' dir='ltr'><em>reu</em></span> 
     </span>
     <span class='ocr_line' id='line_1_16' title="bbox 244 1884 2404 1959; baseline -0.001 -21"><span class='ocrx_word' id='word_1_147' title='bbox 244 1888 479 1958; x_wconf 88' lang='lat' dir='ltr'><em>trogradi</em></span> <span class='ocrx_word' id='word_1_148' title='bbox 517 1898 652 1950; x_wconf 85' lang='lat' dir='ltr'><em>sunt,</em></span> <span class='ocrx_word' id='word_1_149' title='bbox 691 1906 834 1940; x_wconf 90' lang='lat' dir='ltr'><em>nunc</em></span> <span class='ocrx_word' id='word_1_150' title='bbox 871 1886 1067 1940; x_wconf 76' lang='lat' dir='ltr'><em>tardius</em></span> <span class='ocrx_word' id='word_1_151' title='bbox 1104 1887 1353 1959; x_wconf 91' lang='lat' dir='ltr'><em>progredi</em></span> <span class='ocrx_word' id='word_1_152' title='bbox 1394 1887 1650 1949; x_wconf 85' lang='lat' dir='ltr'><em>videntur,</em></span> <span class='ocrx_word' id='word_1_153' title='bbox 1696 1904 1836 1937; x_wconf 89' lang='lat' dir='ltr'><em>nunc</em></span> <span class='ocrx_word' id='word_1_154' title='bbox 1873 1884 1998 1945; x_wconf 64' lang='lat' dir='ltr'><em>ver&amp;</em></span> <span class='ocrx_word' id='word_1_155' title='bbox 2036 1885 2268 1938; x_wconf 77' lang='lat' dir='ltr'><em>celerius.</em></span> <span class='ocrx_word' id='word_1_156' title='bbox 2347 1887 2404 1938; x_wconf 86' lang='lat' dir='ltr'><em>Si</em></span> 
     </span>
     <span class='ocr_line' id='line_1_17' title="bbox 247 1976 2404 2049; baseline -0.001 -20"><span class='ocrx_word' id='word_1_157' title='bbox 247 1978 419 2029; x_wconf 86' lang='lat' dir='ltr'><em>Terra</em></span> <span class='ocrx_word' id='word_1_158' title='bbox 441 1978 614 2049; x_wconf 86' lang='lat' dir='ltr'><em>pergit</em></span> <span class='ocrx_word' id='word_1_159' title='bbox 639 1979 707 2029; x_wconf 89' lang='lat' dir='ltr'><em>ad</em></span> <span class='ocrx_word' id='word_1_160' title='bbox 733 1978 949 2031; x_wconf 90' lang='lat' dir='ltr'><em>eandem</em></span> <span class='ocrx_word' id='word_1_161' title='bbox 974 1991 1176 2049; x_wconf 86' lang='lat' dir='ltr'><em>partem</em></span> <span class='ocrx_word' id='word_1_162' title='bbox 1202 1997 1322 2031; x_wconf 89' lang='lat' dir='ltr'><em>cum</em></span> <span class='ocrx_word' id='word_1_163' title='bbox 1342 1987 1557 2041; x_wconf 83' lang='lat' dir='ltr'><em>cometa,</em></span> <span class='ocrx_word' id='word_1_164' title='bbox 1581 1987 1632 2029; x_wconf 89' lang='lat' dir='ltr'><em>et</em></span> <span class='ocrx_word' id='word_1_165' title='bbox 1647 1987 1792 2029; x_wconf 89' lang='lat' dir='ltr'><em>motu</em></span> <span class='ocrx_word' id='word_1_166' title='bbox 1812 1976 2045 2049; x_wconf 87' lang='lat' dir='ltr'><em>angulari</em></span> <span class='ocrx_word' id='word_1_167' title='bbox 2073 1978 2209 2029; x_wconf 90' lang='lat' dir='ltr'><em>circa</em></span> <span class='ocrx_word' id='word_1_168' title='bbox 2228 1976 2404 2029; x_wconf 84' lang='lat' dir='ltr'><em>Solem</em></span> 
     </span>
     <span class='ocr_line' id='line_1_18' title="bbox 245 2066 2400 2138; baseline -0.001 -20"><span class='ocrx_word' id='word_1_169' title='bbox 245 2066 390 2119; x_wconf 71' lang='lat' dir='ltr'><em>tanto</em></span> <span class='ocrx_word' id='word_1_170' title='bbox 428 2066 644 2120; x_wconf 75' lang='lat' dir='ltr'><em>celerius</em></span> <span class='ocrx_word' id='word_1_171' title='bbox 680 2067 859 2131; x_wconf 84' lang='lat' dir='ltr'><em>fertur,</em></span> <span class='ocrx_word' id='word_1_172' title='bbox 905 2078 965 2120; x_wconf 87' lang='lat' dir='ltr'><em>ut</em></span> <span class='ocrx_word' id='word_1_173' title='bbox 1001 2079 1144 2120; x_wconf 89' lang='lat' dir='ltr'><em>recta</em></span> <span class='ocrx_word' id='word_1_174' title='bbox 1180 2086 1276 2138; x_wconf 89' lang='lat' dir='ltr'><em>per</em></span> <span class='ocrx_word' id='word_1_175' title='bbox 1315 2067 1536 2119; x_wconf 88' lang='lat' dir='ltr'><em>Terram</em></span> <span class='ocrx_word' id='word_1_176' title='bbox 1574 2075 1627 2118; x_wconf 86' lang='lat' dir='ltr'><em>et</em></span> <span class='ocrx_word' id='word_1_177' title='bbox 1663 2076 1917 2117; x_wconf 88' lang='lat' dir='ltr'><em>cometam</em></span> <span class='ocrx_word' id='word_1_178' title='bbox 1949 2076 2204 2135; x_wconf 86' lang='lat' dir='ltr'><em>perpetuo</em></span> <span class='ocrx_word' id='word_1_179' title='bbox 2244 2066 2400 2117; x_wconf 87' lang='lat' dir='ltr'><em>ducta</em></span> 
     </span>
     <span class='ocr_line' id='line_1_19' title="bbox 246 2155 2404 2229; baseline -0.002 -19"><span class='ocrx_word' id='word_1_180' title='bbox 246 2169 526 2229; x_wconf 84' lang='lat' dir='ltr'><em>convergat</em></span> <span class='ocrx_word' id='word_1_181' title='bbox 561 2158 628 2210; x_wconf 88' lang='lat' dir='ltr'><em>ad</em></span> <span class='ocrx_word' id='word_1_182' title='bbox 663 2169 836 2229; x_wconf 88' lang='lat' dir='ltr'><em>partes</em></span> <span class='ocrx_word' id='word_1_183' title='bbox 873 2160 1010 2212; x_wconf 83' lang='lat' dir='ltr'><em>ultra</em></span> <span class='ocrx_word' id='word_1_184' title='bbox 1035 2170 1306 2223; x_wconf 78' lang='lat' dir='ltr'><em>cometam,</em></span> <span class='ocrx_word' id='word_1_185' title='bbox 1346 2167 1548 2210; x_wconf 88' lang='lat' dir='ltr'><em>cometa</em></span> <span class='ocrx_word' id='word_1_186' title='bbox 1573 2176 1601 2208; x_wconf 91' lang='lat' dir='ltr'><em>e</em></span> <span class='ocrx_word' id='word_1_187' title='bbox 1628 2155 1796 2208; x_wconf 71' lang='lat' dir='ltr'><em>Terra</em></span> <span class='ocrx_word' id='word_1_188' title='bbox 1824 2165 2081 2224; x_wconf 85' lang='lat' dir='ltr'><em>spectatus</em></span> <span class='ocrx_word' id='word_1_189' title='bbox 2109 2155 2176 2206; x_wconf 92' lang='lat' dir='ltr'><em>ob</em></span> <span class='ocrx_word' id='word_1_190' title='bbox 2202 2163 2404 2205; x_wconf 84' lang='lat' dir='ltr'><em>motum</em></span> 
     </span>
     <span class='ocr_line' id='line_1_20' title="bbox 246 2245 2401 2322; baseline -0.003 -20"><span class='ocrx_word' id='word_1_191' title='bbox 246 2269 398 2302; x_wconf 90' lang='lat' dir='ltr'><em>suum</em></span> <span class='ocrx_word' id='word_1_192' title='bbox 424 2251 705 2303; x_wconf 89' lang='lat' dir='ltr'><em>tardiorem</em></span> <span class='ocrx_word' id='word_1_193' title='bbox 730 2261 945 2320; x_wconf 87' lang='lat' dir='ltr'><em>apparet</em></span> <span class='ocrx_word' id='word_1_194' title='bbox 972 2270 1082 2303; x_wconf 86' lang='lat' dir='ltr'><em>esse</em></span> <span class='ocrx_word' id='word_1_195' title='bbox 1107 2250 1469 2322; x_wconf 83' lang='lat' dir='ltr'><em>retrogradus3</em></span> <span class='ocrx_word' id='word_1_196' title='bbox 1505 2248 1579 2299; x_wconf 90' lang='lat' dir='ltr'><em>sin</em></span> <span class='ocrx_word' id='word_1_197' title='bbox 1610 2248 1779 2299; x_wconf 85' lang='lat' dir='ltr'><em>Terra</em></span> <span class='ocrx_word' id='word_1_198' title='bbox 1803 2246 2000 2297; x_wconf 88' lang='lat' dir='ltr'><em>tardius</em></span> <span class='ocrx_word' id='word_1_199' title='bbox 2025 2245 2203 2307; x_wconf 82' lang='lat' dir='ltr'><em>fertur,</em></span> <span class='ocrx_word' id='word_1_200' title='bbox 2232 2255 2401 2296; x_wconf 87' lang='lat' dir='ltr'><em>motus</em></span> 
     </span>
     <span class='ocr_line' id='line_1_21' title="bbox 248 2336 2399 2411; baseline -0.003 -17"><span class='ocrx_word' id='word_1_201' title='bbox 248 2350 463 2394; x_wconf 83' lang='lat' dir='ltr'><em>cometae</em></span> <span class='ocrx_word' id='word_1_202' title='bbox 492 2341 745 2411; x_wconf 86' lang='lat' dir='ltr'><em>(detracto</em></span> <span class='ocrx_word' id='word_1_203' title='bbox 782 2351 928 2395; x_wconf 90' lang='lat' dir='ltr'><em>motu</em></span> <span class='ocrx_word' id='word_1_204' title='bbox 955 2342 1160 2409; x_wconf 82' lang='lat' dir='ltr'><em>Terrae)</em></span> <span class='ocrx_word' id='word_1_205' title='bbox 1200 2341 1260 2393; x_wconf 85' lang='lat' dir='ltr'><em>fit</em></span> <span class='ocrx_word' id='word_1_206' title='bbox 1287 2341 1468 2394; x_wconf 87' lang='lat' dir='ltr'><em>saltem</em></span> <span class='ocrx_word' id='word_1_207' title='bbox 1493 2339 1706 2392; x_wconf 90' lang='lat' dir='ltr'><em>tardior.</em></span> <span class='ocrx_word' id='word_1_208' title='bbox 1781 2337 1857 2389; x_wconf 91' lang='lat' dir='ltr'><em>At</em></span> <span class='ocrx_word' id='word_1_209' title='bbox 1880 2337 1922 2388; x_wconf 90' lang='lat' dir='ltr'><em>si</em></span> <span class='ocrx_word' id='word_1_210' title='bbox 1947 2336 2117 2388; x_wconf 91' lang='lat' dir='ltr'><em>Terra</em></span> <span class='ocrx_word' id='word_1_211' title='bbox 2139 2336 2310 2407; x_wconf 86' lang='lat' dir='ltr'><em>pergit</em></span> <span class='ocrx_word' id='word_1_212' title='bbox 2346 2337 2399 2387; x_wconf 89' lang='lat' dir='ltr'><em>in</em></span> 
     </span>
    </p>
   </div>
   <div class='ocr_carea' id='block_1_6' title="bbox 247 2479 2399 3549">
    <p class='ocr_par' dir='ltr' id='par_1_6' title="bbox 247 2479 2399 2696">
     <span class='ocr_line' id='line_1_22' title="bbox 247 2479 2396 2541; baseline -0.003 -18"><span class='ocrx_word' id='word_1_213' title='bbox 247 2498 348 2524; x_wconf 89' lang='lat' dir='ltr'><em>nova</em></span> <span class='ocrx_word' id='word_1_214' title='bbox 366 2493 574 2525; x_wconf 83' lang='lat' dir='ltr'><em>occurrunt</em></span> <span class='ocrx_word' id='word_1_215' title='bbox 591 2487 878 2539; x_wconf 77' lang='lat' dir='ltr'><em>quamplurIma</em></span> <span class='ocrx_word' id='word_1_216' title='bbox 896 2488 944 2526; x_wconf 90' lang='lat' dir='ltr'><em>de</em></span> <span class='ocrx_word' id='word_1_217' title='bbox 959 2487 1087 2539; x_wconf 66' lang='lat' dir='ltr'><em>figura</em></span> <span class='ocrx_word' id='word_1_218' title='bbox 1109 2487 1289 2533; x_wconf 80' lang='lat' dir='ltr'><em>TelluriS,</em></span> <span class='ocrx_word' id='word_1_219' title='bbox 1345 2499 1393 2524; x_wconf 86' lang='lat' dir='ltr'><em>ex</em></span> <span class='ocrx_word' id='word_1_220' title='bbox 1425 2490 1459 2533; x_wconf 85' lang='lat'><em>1,</em></span> <span class='ocrx_word' id='word_1_221' title='bbox 1487 2497 1556 2534; x_wconf 86' lang='lat' dir='ltr'><em>per</em></span> <span class='ocrx_word' id='word_1_222' title='bbox 1584 2489 1621 2531; x_wconf 78' lang='lat'><em>2,</em></span> <span class='ocrx_word' id='word_1_223' title='bbox 1650 2484 1692 2521; x_wconf 84' lang='lat' dir='ltr'><em>in</em></span> <span class='ocrx_word' id='word_1_224' title='bbox 1723 2489 1760 2530; x_wconf 83' lang='lat'><em>3,</em></span> <span class='ocrx_word' id='word_1_225' title='bbox 1780 2482 1843 2520; x_wconf 90' lang='lat' dir='ltr'><em>hic</em></span> <span class='ocrx_word' id='word_1_226' title='bbox 1862 2482 2017 2532; x_wconf 84' lang='lat' dir='ltr'><em>planeta</em></span> <span class='ocrx_word' id='word_1_227' title='bbox 2034 2494 2083 2519; x_wconf 87' lang='lat' dir='ltr'><em>ex</em></span> <span class='ocrx_word' id='word_1_228' title='bbox 2102 2493 2134 2525; x_wconf 84' lang='lat' dir='ltr'><em>a,</em></span> <span class='ocrx_word' id='word_1_229' title='bbox 2156 2481 2280 2541; x_wconf 41' lang='lat' dir='ltr'><em>per-b,</em></span> <span class='ocrx_word' id='word_1_230' title='bbox 2301 2479 2343 2540; x_wconf 75' lang='lat' dir='ltr'><em>in</em></span> <span class='ocrx_word' id='word_1_231' title='bbox 2362 2491 2396 2526; x_wconf 91' lang='lat' dir='ltr'><em>c,</em></span> 
     </span>
     <span class='ocr_line' id='line_1_23' title="bbox 248 2533 2399 2593; baseline -0.004 -16"><span class='ocrx_word' id='word_1_232' title='bbox 248 2540 298 2577; x_wconf 88' lang='lat' dir='ltr'><em>de</em></span> <span class='ocrx_word' id='word_1_233' title='bbox 324 2538 468 2577; x_wconf 85' lang='lat' dir='ltr'><em>viribus</em></span> <span class='ocrx_word' id='word_1_234' title='bbox 499 2541 598 2578; x_wconf 91' lang='lat' dir='ltr'><em>Solis</em></span> <span class='ocrx_word' id='word_1_235' title='bbox 623 2549 661 2580; x_wconf 89' lang='lat' dir='ltr'><em>et</em></span> <span class='ocrx_word' id='word_1_236' title='bbox 689 2542 831 2587; x_wconf 85' lang='lat' dir='ltr'><em>Lunae,</em></span> <span class='ocrx_word' id='word_1_237' title='bbox 860 2542 1149 2590; x_wconf 63' lang='lat' dir='ltr'><em>praecessionem</em></span> <span class='ocrx_word' id='word_1_238' title='bbox 1172 2541 1290 2591; x_wconf 85' lang='lat' dir='ltr'><em>aequi-</em></span> <span class='ocrx_word' id='word_1_239' title='bbox 1346 2538 1563 2578; x_wconf 85' lang='lat' dir='ltr'><em>secundum</em></span> <span class='ocrx_word' id='word_1_240' title='bbox 1578 2537 1755 2576; x_wconf 83' lang='lat' dir='ltr'><em>ordinem</em></span> <span class='ocrx_word' id='word_1_241' title='bbox 1774 2536 1973 2586; x_wconf 87' lang='lat' dir='ltr'><em>signorum</em></span> <span class='ocrx_word' id='word_1_242' title='bbox 1991 2533 2171 2593; x_wconf 75' lang='lat' dir='ltr'><em>progredi</em></span> <span class='ocrx_word' id='word_1_243' title='bbox 2197 2533 2399 2591; x_wconf 18' lang='lat' dir='ltr'><em>vxd-ebitur.</em></span> 
     </span>
     <span class='ocr_line' id='line_1_24' title="bbox 248 2585 2399 2644; baseline -0.002 -15"><span class='ocrx_word' id='word_1_244' title='bbox 248 2593 480 2640; x_wconf 89' lang='lat' dir='ltr'><em>noctiorum,</em></span> <span class='ocrx_word' id='word_1_245' title='bbox 518 2593 653 2631; x_wconf 69' lang='lat' dir='ltr'><em>eadem</em></span> <span class='ocrx_word' id='word_1_246' title='bbox 697 2594 775 2644; x_wconf 67' lang='lat' dir='ltr'><em>qua</em></span> <span class='ocrx_word' id='word_1_247' title='bbox 819 2595 1004 2633; x_wconf 82' lang='lat' dir='ltr'><em>hactenus</em></span> <span class='ocrx_word' id='word_1_248' title='bbox 1038 2594 1186 2633; x_wconf 84' lang='lat' dir='ltr'><em>factum</em></span> <span class='ocrx_word' id='word_1_249' title='bbox 1221 2601 1290 2642; x_wconf 80' lang='lat' dir='ltr'><em>est,</em></span> <span class='ocrx_word' id='word_1_250' title='bbox 1354 2594 1412 2633; x_wconf 76' lang='lat' dir='ltr'><em>At</em></span> <span class='ocrx_word' id='word_1_251' title='bbox 1431 2593 1464 2631; x_wconf 87' lang='lat' dir='ltr'><em>si</em></span> <span class='ocrx_word' id='word_1_252' title='bbox 1486 2593 1606 2631; x_wconf 85' lang='lat' dir='ltr'><em>Terra</em></span> <span class='ocrx_word' id='word_1_253' title='bbox 1625 2596 1827 2629; x_wconf 84' lang='lat' dir='ltr'><em>moveatur</em></span> <span class='ocrx_word' id='word_1_254' title='bbox 1845 2602 1892 2627; x_wconf 85' lang='lat' dir='ltr'><em>ex</em></span> <span class='ocrx_word' id='word_1_255' title='bbox 1911 2589 1956 2634; x_wconf 91' lang='lat' dir='ltr'><em>C,</em></span> <span class='ocrx_word' id='word_1_256' title='bbox 1977 2600 2044 2637; x_wconf 85' lang='lat' dir='ltr'><em>per</em></span> <span class='ocrx_word' id='word_1_257' title='bbox 2065 2588 2120 2635; x_wconf 87' lang='lat' dir='ltr'><em>D,</em></span> <span class='ocrx_word' id='word_1_258' title='bbox 2150 2599 2191 2623; x_wconf 88' lang='lat' dir='ltr'><em>m</em></span> <span class='ocrx_word' id='word_1_259' title='bbox 2207 2587 2245 2625; x_wconf 92' lang='lat' dir='ltr'><strong>E</strong></span> <span class='ocrx_word' id='word_1_260' title='bbox 2262 2593 2300 2624; x_wconf 87' lang='lat' dir='ltr'><em>et</em></span> <span class='ocrx_word' id='word_1_261' title='bbox 2317 2585 2399 2635; x_wconf 84' lang='lat' dir='ltr'><em>pla-</em></span> 
     </span>
     <span class='ocr_line' id='line_1_25' title="bbox 250 2645 1084 2696; baseline 0.004 -14"><span class='ocrx_word' id='word_1_262' title='bbox 250 2645 445 2691; x_wconf 74' lang='lat' dir='ltr'><em>methodo,</em></span> <span class='ocrx_word' id='word_1_263' title='bbox 465 2646 684 2685; x_wconf 73' lang='lat' dir='ltr'><em>accuratius</em></span> <span class='ocrx_word' id='word_1_264' title='bbox 702 2646 832 2685; x_wconf 68' lang='lat' dir='ltr'><em>licessit</em></span> <span class='ocrx_word' id='word_1_265' title='bbox 850 2655 1084 2696; x_wconf 81' lang='lat' dir='ltr'><em>computare.</em></span> 
     </span>
    </p>

    <p class='ocr_par' dir='ltr' id='par_1_7' title="bbox 249 2688 2178 3284">
     <span class='ocr_line' id='line_1_26' title="bbox 305 2688 2084 2752; baseline 0.001 -14"><span class='ocrx_word' id='word_1_266' title='bbox 305 2698 360 2751; x_wconf 66' lang='lat' dir='ltr'><em>(q)</em></span> <span class='ocrx_word' id='word_1_267' title='bbox 380 2702 400 2723; x_wconf 71' lang='lat'><strong>*</strong></span> <span class='ocrx_word' id='word_1_268' title='bbox 432 2701 481 2738; x_wconf 80' lang='lat' dir='ltr'><em>Ut</em></span> <span class='ocrx_word' id='word_1_269' title='bbox 502 2702 669 2752; x_wconf 60' lang='lat' dir='ltr'><em>defectus</em></span> <span class='ocrx_word' id='word_1_270' title='bbox 683 2703 915 2751; x_wconf 74' lang='lat' dir='ltr'><em>parallaaeeos</em></span> <span class='ocrx_word' id='word_1_271' title='bbox 934 2704 1100 2740; x_wconf 79' lang='lat' dir='ltr'><em>diurnoe.</em></span> <span class='ocrx_word' id='word_1_272' title='bbox 1161 2701 1291 2738; x_wconf 81' lang='lat' dir='ltr'><em>Paral-</em></span> <span class='ocrx_word' id='word_1_273' title='bbox 1745 2692 1781 2732; x_wconf 72' lang='lat' dir='ltr'>b</span> <span class='ocrx_word' id='word_1_274' title='bbox 1813 2688 1847 2723; x_wconf 51' lang='grc' dir='ltr'><em>θ’</em></span> <span class='ocrx_word' id='word_1_275' title='bbox 2025 2694 2084 2740; x_wconf 69' lang='lat' dir='ltr'><em>dc</em></span> 
     </span>
     <span class='ocr_line' id='line_1_27' title="bbox 250 2751 2178 2801; baseline 0.003 -13"><span class='ocrx_word' id='word_1_276' title='bbox 250 2751 348 2790; x_wconf 87' lang='lat' dir='ltr'><em>laxis</em></span> <span class='ocrx_word' id='word_1_277' title='bbox 375 2751 515 2790; x_wconf 85' lang='lat' dir='ltr'><em>diurna</em></span> <span class='ocrx_word' id='word_1_278' title='bbox 541 2761 701 2791; x_wconf 86' lang='lat' dir='ltr'><em>cometae</em></span> <span class='ocrx_word' id='word_1_279' title='bbox 728 2761 784 2791; x_wconf 89' lang='lat' dir='ltr'><em>est</em></span> <span class='ocrx_word' id='word_1_280' title='bbox 809 2754 1024 2792; x_wconf 83' lang='lat' dir='ltr'><em>differentia</em></span> <span class='ocrx_word' id='word_1_281' title='bbox 1050 2753 1225 2792; x_wconf 88' lang='lat' dir='ltr'><em>locorum</em></span> <span class='ocrx_word' id='word_1_282' title='bbox 1251 2754 1293 2791; x_wconf 90' lang='lat' dir='ltr'><em>in</em></span> <span class='ocrx_word' id='word_1_283' title='bbox 1538 2764 1587 2800; x_wconf 65' lang='lat' dir='ltr'><em>a,</em></span> <span class='ocrx_word' id='word_1_284' title='bbox 2060 2752 2178 2801; x_wconf 39' lang='lat' dir='ltr'>N</span> 
     </span>
     <span class='ocr_line' id='line_1_28' title="bbox 249 2804 1292 2855; baseline 0.001 -12"><span class='ocrx_word' id='word_1_285' title='bbox 249 2804 390 2854; x_wconf 89' lang='lat' dir='ltr'><em>quibus</em></span> <span class='ocrx_word' id='word_1_286' title='bbox 409 2814 557 2844; x_wconf 84' lang='lat' dir='ltr'><em>cometa</em></span> <span class='ocrx_word' id='word_1_287' title='bbox 576 2819 623 2844; x_wconf 87' lang='lat' dir='ltr'><em>ex</em></span> <span class='ocrx_word' id='word_1_288' title='bbox 643 2815 775 2845; x_wconf 86' lang='lat' dir='ltr'><em>centro</em></span> <span class='ocrx_word' id='word_1_289' title='bbox 792 2808 934 2853; x_wconf 83' lang='lat' dir='ltr'><em>Terrae,</em></span> <span class='ocrx_word' id='word_1_290' title='bbox 956 2807 1016 2845; x_wconf 87' lang='lat' dir='ltr'><em>vel</em></span> <span class='ocrx_word' id='word_1_291' title='bbox 1035 2820 1081 2844; x_wconf 86' lang='lat' dir='ltr'><em>ex</em></span> <span class='ocrx_word' id='word_1_292' title='bbox 1100 2820 1147 2845; x_wconf 92' lang='lat' dir='ltr'><em>eo</em></span> <span class='ocrx_word' id='word_1_293' title='bbox 1160 2820 1292 2855; x_wconf 88' lang='lat' dir='ltr'><em>super-</em></span> 
     </span>
     <span class='ocr_line' id='line_1_29' title="bbox 251 2858 1290 2910; baseline 0.002 -15"><span class='ocrx_word' id='word_1_294' title='bbox 251 2858 352 2896; x_wconf 86' lang='lat' dir='ltr'><em>ficiei</em></span> <span class='ocrx_word' id='word_1_295' title='bbox 382 2860 512 2896; x_wconf 86' lang='lat' dir='ltr'><em>Terrae</em></span> <span class='ocrx_word' id='word_1_296' title='bbox 540 2860 625 2898; x_wconf 92' lang='lat' dir='ltr'><em>loco</em></span> <span class='ocrx_word' id='word_1_297' title='bbox 643 2860 692 2897; x_wconf 90' lang='lat' dir='ltr'><em>ad</em></span> <span class='ocrx_word' id='word_1_298' title='bbox 710 2873 827 2910; x_wconf 91' lang='lat' dir='ltr'><em>quem</em></span> <span class='ocrx_word' id='word_1_299' title='bbox 847 2867 997 2898; x_wconf 81' lang='lat' dir='ltr'><em>cometa</em></span> <span class='ocrx_word' id='word_1_300' title='bbox 1016 2860 1202 2898; x_wconf 86' lang='lat' dir='ltr'><em>verticalis</em></span> <span class='ocrx_word' id='word_1_301' title='bbox 1220 2868 1290 2906; x_wconf 87' lang='lat' dir='ltr'><em>est,</em></span> 
     </span>
     <span class='ocr_line' id='line_1_30' title="bbox 251 2912 1292 2963; baseline 0.002 -14"><span class='ocrx_word' id='word_1_302' title='bbox 251 2919 290 2949; x_wconf 89' lang='lat' dir='ltr'><em>ct</em></span> <span class='ocrx_word' id='word_1_303' title='bbox 308 2924 354 2948; x_wconf 82' lang='lat' dir='ltr'><em>ex</em></span> <span class='ocrx_word' id='word_1_304' title='bbox 373 2913 508 2963; x_wconf 89' lang='lat' dir='ltr'><em>quovis</em></span> <span class='ocrx_word' id='word_1_305' title='bbox 526 2913 603 2950; x_wconf 87' lang='lat' dir='ltr'><em>alio</em></span> <span class='ocrx_word' id='word_1_306' title='bbox 630 2913 716 2951; x_wconf 93' lang='lat' dir='ltr'><em>loco</em></span> <span class='ocrx_word' id='word_1_307' title='bbox 734 2912 948 2960; x_wconf 80' lang='lat' dir='ltr'><em>superficiei</em></span> <span class='ocrx_word' id='word_1_308' title='bbox 968 2914 1099 2951; x_wconf 80' lang='lat' dir='ltr'><em>Terrae</em></span> <span class='ocrx_word' id='word_1_309' title='bbox 1117 2915 1292 2951; x_wconf 86' lang='lat' dir='ltr'><em>observa-</em></span> 
     </span>
     <span class='ocr_line' id='line_1_31' title="bbox 251 2965 1293 3014; baseline 0.001 -12"><span class='ocrx_word' id='word_1_310' title='bbox 251 2972 315 3002; x_wconf 88' lang='lat' dir='ltr'><em>tus</em></span> <span class='ocrx_word' id='word_1_311' title='bbox 333 2965 432 3004; x_wconf 87' lang='lat' dir='ltr'><em>inter</em></span> <span class='ocrx_word' id='word_1_312' title='bbox 450 2965 577 3004; x_wconf 87' lang='lat' dir='ltr'><em>stellas</em></span> <span class='ocrx_word' id='word_1_313' title='bbox 604 2965 700 3004; x_wconf 75' lang='lat' dir='ltr'><em>fixus</em></span> <span class='ocrx_word' id='word_1_314' title='bbox 726 2965 901 3004; x_wconf 82' lang='lat' dir='ltr'><em>refertur.</em></span> <span class='ocrx_word' id='word_1_315' title='bbox 963 2967 1065 3004; x_wconf 88' lang='lat' dir='ltr'><em>Haec</em></span> <span class='ocrx_word' id='word_1_316' title='bbox 1094 2966 1293 3014; x_wconf 80' lang='lat' dir='ltr'><em>parallaxis</em></span> 
     </span>
     <span class='ocr_line' id='line_1_32' title="bbox 251 3017 1294 3064; baseline 0.003 -10"><span class='ocrx_word' id='word_1_317' title='bbox 251 3017 403 3063; x_wconf 84' lang='lat' dir='ltr'><em>diurna,</em></span> <span class='ocrx_word' id='word_1_318' title='bbox 423 3018 594 3057; x_wconf 84' lang='lat' dir='ltr'><em>maxima</em></span> <span class='ocrx_word' id='word_1_319' title='bbox 609 3027 667 3057; x_wconf 89' lang='lat' dir='ltr'><em>est</em></span> <span class='ocrx_word' id='word_1_320' title='bbox 684 3019 727 3056; x_wconf 90' lang='lat' dir='ltr'><em>in</em></span> <span class='ocrx_word' id='word_1_321' title='bbox 744 3018 873 3064; x_wconf 63' lang='lat' dir='ltr'><em>Luna,</em></span> <span class='ocrx_word' id='word_1_322' title='bbox 891 3019 956 3057; x_wconf 88' lang='lat' dir='ltr'><em>ubi</em></span> <span class='ocrx_word' id='word_1_323' title='bbox 975 3032 1020 3057; x_wconf 87' lang='lat' dir='ltr'><em>ea</em></span> <span class='ocrx_word' id='word_1_324' title='bbox 1037 3019 1077 3056; x_wconf 89' lang='lat' dir='ltr'><em>in</em></span> <span class='ocrx_word' id='word_1_325' title='bbox 1096 3019 1294 3058; x_wconf 82' lang='lat' dir='ltr'><em>horizonte</em></span> 
     </span>
     <span class='ocr_line' id='line_1_33' title="bbox 252 3071 1294 3123; baseline 0.001 -14"><span class='ocrx_word' id='word_1_326' title='bbox 252 3072 507 3117; x_wconf 82' lang='lat' dir='ltr'><em>constituitur,</em></span> <span class='ocrx_word' id='word_1_327' title='bbox 528 3072 620 3110; x_wconf 89' lang='lat' dir='ltr'><em>inde</em></span> <span class='ocrx_word' id='word_1_328' title='bbox 638 3071 727 3110; x_wconf 72' lang='lat' dir='ltr'><em>vero</em></span> <span class='ocrx_word' id='word_1_329' title='bbox 747 3072 870 3123; x_wconf 76' lang='lat' dir='ltr'><em>magis</em></span> <span class='ocrx_word' id='word_1_330' title='bbox 889 3073 1090 3123; x_wconf 85' lang='lat' dir='ltr'><em>magisque</em></span> <span class='ocrx_word' id='word_1_331' title='bbox 1109 3072 1294 3110; x_wconf 85' lang='lat' dir='ltr'><em>decrescit</em></span> 
     </span>
     <span class='ocr_line' id='line_1_34' title="bbox 253 3123 1289 3174; baseline 0.002 -13"><span class='ocrx_word' id='word_1_332' title='bbox 253 3123 333 3174; x_wconf 75' lang='lat' dir='ltr'><em>quo</em></span> <span class='ocrx_word' id='word_1_333' title='bbox 369 3125 485 3163; x_wconf 86' lang='lat' dir='ltr'><em>altius</em></span> <span class='ocrx_word' id='word_1_334' title='bbox 523 3125 642 3163; x_wconf 87' lang='lat' dir='ltr'><em>Luna</em></span> <span class='ocrx_word' id='word_1_335' title='bbox 678 3124 795 3173; x_wconf 69' lang='lat' dir='ltr'><em>supra</em></span> <span class='ocrx_word' id='word_1_336' title='bbox 834 3125 1071 3163; x_wconf 84' lang='lat' dir='ltr'><em>horizontem</em></span> <span class='ocrx_word' id='word_1_337' title='bbox 1109 3125 1289 3163; x_wconf 84' lang='lat' dir='ltr'><em>elevatur.</em></span> 
     </span>
     <span class='ocr_line' id='line_1_35' title="bbox 256 3177 1292 3227; baseline 0.001 -12"><span class='ocrx_word' id='word_1_338' title='bbox 256 3177 362 3222; x_wconf 78' lang='lat' dir='ltr'><em>Quia</em></span> <span class='ocrx_word' id='word_1_339' title='bbox 399 3177 489 3216; x_wconf 71' lang='lat' dir='ltr'><em>vero</em></span> <span class='ocrx_word' id='word_1_340' title='bbox 524 3178 606 3216; x_wconf 86' lang='lat' dir='ltr'><em>haec</em></span> <span class='ocrx_word' id='word_1_341' title='bbox 643 3177 846 3227; x_wconf 82' lang='lat' dir='ltr'><em>parallaxis</em></span> <span class='ocrx_word' id='word_1_342' title='bbox 880 3191 960 3216; x_wconf 91' lang='lat' dir='ltr'><em>non</em></span> <span class='ocrx_word' id='word_1_343' title='bbox 997 3181 1216 3217; x_wconf 85' lang='lat' dir='ltr'><em>observatur</em></span> <span class='ocrx_word' id='word_1_344' title='bbox 1251 3179 1292 3216; x_wconf 90' lang='lat' dir='ltr'><em>in</em></span> 
     </span>
     <span class='ocr_line' id='line_1_36' title="bbox 254 3230 1293 3284; baseline -0.002 -16"><span class='ocrx_word' id='word_1_345' title='bbox 254 3231 423 3276; x_wconf 82' lang='lat' dir='ltr'><em>cometis,</em></span> <span class='ocrx_word' id='word_1_346' title='bbox 444 3238 550 3279; x_wconf 83' lang='lat' dir='ltr'><em>patet</em></span> <span class='ocrx_word' id='word_1_347' title='bbox 567 3244 631 3269; x_wconf 90' lang='lat' dir='ltr'><em>eos</em></span> <span class='ocrx_word' id='word_1_348' title='bbox 650 3244 731 3269; x_wconf 84' lang='lat' dir='ltr'><em>esse</em></span> <span class='ocrx_word' id='word_1_349' title='bbox 752 3230 871 3269; x_wconf 58' lang='lat' dir='ltr'><em>Luna</em></span> <span class='ocrx_word' id='word_1_350' title='bbox 888 3232 1100 3281; x_wconf 83' lang='lat' dir='ltr'><em>superiores</em></span> <span class='ocrx_word' id='word_1_351' title='bbox 1121 3231 1242 3284; x_wconf 80' lang='grc'>(30.).</span> <span class='ocrx_word' id='word_1_352' title='bbox 1290 3266 1293 3267; x_wconf 18' lang='lat'><em>⁷</em></span> 
     </span>
    </p>

    <p class='ocr_par' dir='ltr' id='par_1_8' title="bbox 251 3283 1295 3549">
     <span class='ocr_line' id='line_1_37' title="bbox 307 3283 1294 3335; baseline -0.002 -11"><span class='ocrx_word' id='word_1_353' title='bbox 307 3284 361 3335; x_wconf 53' lang='grc' dir='ltr'><em>(Υ)</em></span> <span class='ocrx_word' id='word_1_354' title='bbox 385 3287 405 3308; x_wconf 78' lang='grc'>*</span> <span class='ocrx_word' id='word_1_355' title='bbox 428 3287 489 3324; x_wconf 84' lang='lat' dir='ltr'><em>Sic</em></span> <span class='ocrx_word' id='word_1_356' title='bbox 507 3298 549 3322; x_wconf 74' lang='lat' dir='ltr'><em>ez·</em></span> <span class='ocrx_word' id='word_1_357' title='bbox 569 3286 759 3334; x_wconf 71' lang='lat' dir='ltr'><em>parallaoei</em></span> <span class='ocrx_word' id='word_1_358' title='bbox 785 3283 934 3324; x_wconf 64' lang='lat' dir='ltr'><em>annua.</em></span> <span class='ocrx_word' id='word_1_359' title='bbox 996 3285 1208 3323; x_wconf 85' lang='lat' dir='ltr'><em>Parallaxis</em></span> <span class='ocrx_word' id='word_1_360' title='bbox 1226 3298 1294 3323; x_wconf 85' lang='lat' dir='ltr'><em>an-</em></span> 
     </span>
     <span class='ocr_line' id='line_1_38' title="bbox 252 3337 1294 3388; baseline 0.001 -13"><span class='ocrx_word' id='word_1_361' title='bbox 252 3350 332 3375; x_wconf 84' lang='lat' dir='ltr'><em>nua</em></span> <span class='ocrx_word' id='word_1_362' title='bbox 351 3350 398 3375; x_wconf 87' lang='lat' dir='ltr'><em>ex</em></span> <span class='ocrx_word' id='word_1_363' title='bbox 417 3344 527 3375; x_wconf 90' lang='lat' dir='ltr'><em>motu</em></span> <span class='ocrx_word' id='word_1_364' title='bbox 547 3337 648 3376; x_wconf 68' lang='lat' dir='ltr'><em>circa</em></span> <span class='ocrx_word' id='word_1_365' title='bbox 664 3337 792 3375; x_wconf 88' lang='lat' dir='ltr'><em>Solem</em></span> <span class='ocrx_word' id='word_1_366' title='bbox 812 3338 946 3385; x_wconf 80' lang='lat' dir='ltr'><em>oritur,</em></span> <span class='ocrx_word' id='word_1_367' title='bbox 967 3339 1126 3388; x_wconf 88' lang='lat' dir='ltr'><em>haecque</em></span> <span class='ocrx_word' id='word_1_368' title='bbox 1140 3338 1294 3387; x_wconf 86' lang='lat' dir='ltr'><em>respicit</em></span> 
     </span>
     <span class='ocr_line' id='line_1_39' title="bbox 251 3390 1294 3441; baseline 0.001 -14"><span class='ocrx_word' id='word_1_369' title='bbox 251 3390 537 3441; x_wconf 83' lang='lat' dir='ltr'><em>longitudinem</em></span> <span class='ocrx_word' id='word_1_370' title='bbox 566 3398 738 3433; x_wconf 86' lang='lat' dir='ltr'><em>cometae.</em></span> <span class='ocrx_word' id='word_1_371' title='bbox 767 3392 840 3428; x_wconf 86' lang='lat' dir='ltr'><em>hoc</em></span> <span class='ocrx_word' id='word_1_372' title='bbox 867 3399 934 3437; x_wconf 87' lang='lat' dir='ltr'><em>est,</em></span> <span class='ocrx_word' id='word_1_373' title='bbox 961 3390 1181 3430; x_wconf 82' lang='lat' dir='ltr'><em>distantiam</em></span> <span class='ocrx_word' id='word_1_374' title='bbox 1209 3391 1294 3441; x_wconf 87' lang='lat' dir='ltr'><em>ejus</em></span> 
     </span>
     <span class='ocr_line' id='line_1_40' title="bbox 251 3442 1295 3493; baseline 0 -12"><span class='ocrx_word' id='word_1_375' title='bbox 251 3444 295 3481; x_wconf 87' lang='lat' dir='ltr'><em>in</em></span> <span class='ocrx_word' id='word_1_376' title='bbox 314 3442 489 3493; x_wconf 69' lang='lat' dir='ltr'><em>ecliptica</em></span> <span class='ocrx_word' id='word_1_377' title='bbox 508 3456 532 3481; x_wconf 89' lang='lat' dir='ltr'><em>a</em></span> <span class='ocrx_word' id='word_1_378' title='bbox 558 3443 683 3492; x_wconf 85' lang='lat' dir='ltr'><em>primo</em></span> <span class='ocrx_word' id='word_1_379' title='bbox 706 3444 849 3481; x_wconf 75' lang='lat' dir='ltr'><em>Arietis</em></span> <span class='ocrx_word' id='word_1_380' title='bbox 867 3452 1023 3492; x_wconf 88' lang='lat' dir='ltr'><em>puncto.</em></span> <span class='ocrx_word' id='word_1_381' title='bbox 1082 3443 1295 3489; x_wconf 70' lang='lat' dir='ltr'><em>Quomodo</em></span> 
     </span>
     <span class='ocr_line' id='line_1_41' title="bbox 252 3495 1293 3549; baseline 0.001 -15"><span class='ocrx_word' id='word_1_382' title='bbox 252 3509 299 3534; x_wconf 83' lang='lat' dir='ltr'><em>ex</em></span> <span class='ocrx_word' id='word_1_383' title='bbox 319 3495 392 3534; x_wconf 63' lang='lat' dir='ltr'><em>hae</em></span> <span class='ocrx_word' id='word_1_384' title='bbox 412 3496 593 3545; x_wconf 85' lang='lat' dir='ltr'><em>parallaxi</em></span> <span class='ocrx_word' id='word_1_385' title='bbox 617 3497 834 3535; x_wconf 87' lang='lat' dir='ltr'><em>Newtonus</em></span> <span class='ocrx_word' id='word_1_386' title='bbox 853 3497 1010 3549; x_wconf 84' lang='lat' dir='ltr'><em>colligat</em></span> <span class='ocrx_word' id='word_1_387' title='bbox 1028 3504 1197 3535; x_wconf 89' lang='lat' dir='ltr'><em>cometas</em></span> <span class='ocrx_word' id='word_1_388' title='bbox 1225 3497 1293 3535; x_wconf 89' lang='lat' dir='ltr'><em>de-</em></span> 
     </span>
    </p>
   </div>
   <div class='ocr_carea' id='block_1_7' title="bbox 252 3549 1294 3641">
    <p class='ocr_par' dir='ltr' id='par_1_9' title="bbox 252 3549 1294 3641">
     <span class='ocr_line' id='line_1_42' title="bbox 252 3549 1294 3639; baseline 0.001 -53"><span class='ocrx_word' id='word_1_389' title='bbox 252 3550 434 3639; x_wconf 51' lang='lat' dir='ltr'><em>ffendere</em></span> <span class='ocrx_word' id='word_1_390' title='bbox 453 3550 493 3588; x_wconf 89' lang='lat' dir='ltr'><em>in</em></span> <span class='ocrx_word' id='word_1_391' title='bbox 512 3549 687 3602; x_wconf 89' lang='lat' dir='ltr'><em>regiones</em></span> <span class='ocrx_word' id='word_1_392' title='bbox 706 3549 958 3600; x_wconf 81' lang='lat' dir='ltr'><em>planetarum,</em></span> <span class='ocrx_word' id='word_1_393' title='bbox 980 3550 1233 3600; x_wconf 80' lang='lat' dir='ltr'><em>explicabitur</em></span> <span class='ocrx_word' id='word_1_394' title='bbox 1250 3550 1294 3588; x_wconf 88' lang='lat' dir='ltr'><em>in</em></span> 
     </span>
     <span class='ocr_line' id='line_1_43' title="bbox 285 3615 433 3641; baseline 0.014 -2"><span class='ocrx_word' id='word_1_395' title='bbox 285 3615 433 3641; x_wconf 86' lang='lat' dir='ltr'><em>ecursu.</em></span> 
     </span>
    </p>
   </div>
   <div class='ocr_carea' id='block_1_8' title="bbox 254 3601 2071 3759">
    <p class='ocr_par' dir='ltr' id='par_1_10' title="bbox 254 3601 2071 3759">
     <span class='ocr_line' id='line_1_44' title="bbox 2035 3601 2071 3634; baseline 0 0"><span class='ocrx_word' id='word_1_396' title='bbox 2035 3601 2071 3634; x_wconf 79' lang='grc' dir='ltr'><strong><em>Β</em></strong></span> 
     </span>
     <span class='ocr_line' id='line_1_45' title="bbox 308 3615 2034 3707; baseline 0 -13"><span class='ocrx_word' id='word_1_397' title='bbox 308 3655 359 3706; x_wconf 78' lang='lat'><em>(⁵)</em></span> <span class='ocrx_word' id='word_1_398' title='bbox 386 3661 471 3695; x_wconf 81' lang='lat'>128.</span> <span class='ocrx_word' id='word_1_399' title='bbox 498 3660 519 3681; x_wconf 65' lang='lat'><em>⁰</em></span> <span class='ocrx_word' id='word_1_400' title='bbox 544 3659 740 3707; x_wconf 75' lang='lat' dir='ltr'><em>Continget</em></span> <span class='ocrx_word' id='word_1_401' title='bbox 759 3659 827 3696; x_wconf 74' lang='lat' dir='ltr'><em>hoc</em></span> <span class='ocrx_word' id='word_1_402' title='bbox 845 3656 1019 3697; x_wconf 64' lang='lat' dir='ltr'><em>maxime.</em></span> <span class='ocrx_word' id='word_1_403' title='bbox 1070 3657 1128 3696; x_wconf 86' lang='lat' dir='ltr'><em>Sit</em></span> <span class='ocrx_word' id='word_1_404' title='bbox 1149 3658 1188 3703; x_wconf 90' lang='lat' dir='ltr'><em>S,</em></span> <span class='ocrx_word' id='word_1_405' title='bbox 1213 3656 1292 3701; x_wconf 84' lang='lat' dir='ltr'><em>Sol,</em></span> <span class='ocrx_word' id='word_1_406' title='bbox 1804 3640 1854 3689; x_wconf 76' lang='lat' dir='ltr'>E</span> <span class='ocrx_word' id='word_1_407' title='bbox 1938 3630 1987 3675; x_wconf 69' lang='grc' dir='ltr'><em>Ι)</em></span> <span class='ocrx_word' id='word_1_408' title='bbox 2002 3615 2034 3653; x_wconf 71' lang='lat' dir='ltr'>C</span> 
     </span>
     <span class='ocr_line' id='line_1_46' title="bbox 254 3707 1293 3759; baseline 0 -13"><span class='ocrx_word' id='word_1_409' title='bbox 254 3707 294 3746; x_wconf 91' lang='lat' dir='ltr'><strong>A</strong></span> <span class='ocrx_word' id='word_1_410' title='bbox 320 3710 354 3746; x_wconf 91' lang='lat' dir='ltr'>B</span> <span class='ocrx_word' id='word_1_411' title='bbox 377 3710 428 3755; x_wconf 86' lang='lat' dir='ltr'><em>E,</em></span> <span class='ocrx_word' id='word_1_412' title='bbox 450 3710 571 3747; x_wconf 85' lang='lat' dir='ltr'><em>orbita</em></span> <span class='ocrx_word' id='word_1_413' title='bbox 592 3710 760 3748; x_wconf 80' lang='lat' dir='ltr'><em>Telluris</em></span> <span class='ocrx_word' id='word_1_414' title='bbox 778 3719 816 3748; x_wconf 87' lang='lat' dir='ltr'><em>et</em></span> <span class='ocrx_word' id='word_1_415' title='bbox 834 3712 939 3756; x_wconf 84' lang='lat' dir='ltr'><em>abc,</em></span> <span class='ocrx_word' id='word_1_416' title='bbox 962 3711 1109 3759; x_wconf 86' lang='lat' dir='ltr'><em>sphaera</em></span> <span class='ocrx_word' id='word_1_417' title='bbox 1129 3710 1293 3748; x_wconf 79' lang='lat' dir='ltr'><em>fixarum</em></span> 
     </span>
    </p>
   </div>
   <div class='ocr_carea' id='block_1_9' title="bbox 253 3758 2396 3866">
    <p class='ocr_par' dir='ltr' id='par_1_11' title="bbox 253 3758 2396 3866">
     <span class='ocr_line' id='line_1_47' title="bbox 253 3758 2396 3814; baseline -0.001 -16"><span class='ocrx_word' id='word_1_418' title='bbox 253 3761 302 3799; x_wconf 86' lang='lat' dir='ltr'><em>ad</em></span> <span class='ocrx_word' id='word_1_419' title='bbox 330 3775 446 3811; x_wconf 90' lang='lat' dir='ltr'><em>quam</em></span> <span class='ocrx_word' id='word_1_420' title='bbox 473 3763 638 3811; x_wconf 80' lang='lat' dir='ltr'><em>planetae</em></span> <span class='ocrx_word' id='word_1_421' title='bbox 657 3764 884 3809; x_wconf 81' lang='lat' dir='ltr'><em>referantur,</em></span> <span class='ocrx_word' id='word_1_422' title='bbox 904 3764 1169 3813; x_wconf 87' lang='lat' dir='ltr'><em>exhibeatque,</em></span> <span class='ocrx_word' id='word_1_423' title='bbox 1203 3768 1235 3808; x_wconf 92' lang='lat'><em>1,</em></span> <span class='ocrx_word' id='word_1_424' title='bbox 1252 3767 1289 3807; x_wconf 78' lang='lat'><em>2,</em></span> <span class='ocrx_word' id='word_1_425' title='bbox 1348 3771 1437 3802; x_wconf 83' lang='lat' dir='ltr'><em>neta</em></span> <span class='ocrx_word' id='word_1_426' title='bbox 1455 3776 1502 3802; x_wconf 89' lang='lat' dir='ltr'><em>ex</em></span> <span class='ocrx_word' id='word_1_427' title='bbox 1525 3770 1563 3810; x_wconf 80' lang='lat'><em>3,</em></span> <span class='ocrx_word' id='word_1_428' title='bbox 1591 3778 1660 3814; x_wconf 89' lang='lat' dir='ltr'><em>per</em></span> <span class='ocrx_word' id='word_1_429' title='bbox 1678 3770 1703 3803; x_wconf 87' lang='lat'>4</span> <span class='ocrx_word' id='word_1_430' title='bbox 1721 3765 1762 3803; x_wconf 88' lang='lat' dir='ltr'><em>in</em></span> <span class='ocrx_word' id='word_1_431' title='bbox 1782 3768 1818 3811; x_wconf 87' lang='lat'><em>5,</em></span> <span class='ocrx_word' id='word_1_432' title='bbox 1848 3763 1951 3803; x_wconf 86' lang='lat' dir='ltr'><em>idem</em></span> <span class='ocrx_word' id='word_1_433' title='bbox 1981 3761 2132 3813; x_wconf 84' lang='lat' dir='ltr'><em>planeta</em></span> <span class='ocrx_word' id='word_1_434' title='bbox 2149 3772 2218 3810; x_wconf 85' lang='lat' dir='ltr'><em>per</em></span> <span class='ocrx_word' id='word_1_435' title='bbox 2235 3758 2273 3806; x_wconf 89' lang='lat' dir='ltr'><em>d,</em></span> <span class='ocrx_word' id='word_1_436' title='bbox 2301 3758 2344 3797; x_wconf 87' lang='lat' dir='ltr'><em>in</em></span> <span class='ocrx_word' id='word_1_437' title='bbox 2362 3771 2396 3805; x_wconf 85' lang='lat' dir='ltr'><em>e,</em></span> 
     </span>
     <span class='ocr_line' id='line_1_48' title="bbox 254 3814 1785 3866; baseline 0.003 -15"><span class='ocrx_word' id='word_1_438' title='bbox 254 3819 292 3859; x_wconf 78' lang='lat'><em>3,</em></span> <span class='ocrx_word' id='word_1_439' title='bbox 312 3818 349 3856; x_wconf 68' lang='lat'><em>4.</em></span> <span class='ocrx_word' id='word_1_440' title='bbox 369 3814 532 3862; x_wconf 81' lang='lat' dir='ltr'><em>planetoe</em></span> <span class='ocrx_word' id='word_1_441' title='bbox 547 3816 714 3866; x_wconf 87' lang='lat' dir='ltr'><em>alicujus</em></span> <span class='ocrx_word' id='word_1_442' title='bbox 733 3816 922 3854; x_wconf 83' lang='lat' dir='ltr'><em>inferioris</em></span> <span class='ocrx_word' id='word_1_443' title='bbox 935 3817 1112 3855; x_wconf 87' lang='lat' dir='ltr'><em>orbitam.</em></span> <span class='ocrx_word' id='word_1_444' title='bbox 1156 3817 1296 3854; x_wconf 84' lang='lat' dir='ltr'><em>Move-</em></span> <span class='ocrx_word' id='word_1_445' title='bbox 1350 3817 1561 3866; x_wconf 84' lang='lat' dir='ltr'><em>retrogredi</em></span> <span class='ocrx_word' id='word_1_446' title='bbox 1582 3818 1785 3856; x_wconf 85' lang='lat' dir='ltr'><em>videbitur.</em></span> 
     </span>
    </p>
   </div>
   <div class='ocr_carea' id='block_1_10' title="bbox 252 3864 2398 3920">
    <p class='ocr_par' dir='ltr' id='par_1_12' title="bbox 252 3864 2398 3920">
     <span class='ocr_line' id='line_1_49' title="bbox 252 3864 2398 3920; baseline 0 -15"><span class='ocrx_word' id='word_1_447' title='bbox 252 3875 336 3905; x_wconf 78' lang='lat' dir='ltr'><em>atur</em></span> <span class='ocrx_word' id='word_1_448' title='bbox 361 3868 480 3905; x_wconf 88' lang='lat' dir='ltr'><em>Terra</em></span> <span class='ocrx_word' id='word_1_449' title='bbox 499 3881 546 3906; x_wconf 88' lang='lat' dir='ltr'><em>ex</em></span> <span class='ocrx_word' id='word_1_450' title='bbox 566 3869 614 3914; x_wconf 90' lang='lat' dir='ltr'><em>A,</em></span> <span class='ocrx_word' id='word_1_451' title='bbox 636 3880 704 3918; x_wconf 86' lang='lat' dir='ltr'><em>per</em></span> <span class='ocrx_word' id='word_1_452' title='bbox 725 3870 773 3916; x_wconf 86' lang='lat' dir='ltr'><em>B,</em></span> <span class='ocrx_word' id='word_1_453' title='bbox 793 3870 834 3907; x_wconf 89' lang='lat' dir='ltr'><em>in</em></span> <span class='ocrx_word' id='word_1_454' title='bbox 853 3870 900 3917; x_wconf 88' lang='lat' dir='ltr'><em>C,</em></span> <span class='ocrx_word' id='word_1_455' title='bbox 920 3877 958 3908; x_wconf 88' lang='lat' dir='ltr'><em>et</em></span> <span class='ocrx_word' id='word_1_456' title='bbox 977 3868 1123 3918; x_wconf 61' lang='lat' dir='ltr'><em>interea,</em></span> <span class='ocrx_word' id='word_1_457' title='bbox 1142 3869 1294 3919; x_wconf 74' lang='lat' dir='ltr'><em>planeta</em></span> <span class='ocrx_word' id='word_1_458' title='bbox 1403 3870 1496 3909; x_wconf 84' lang='lat' dir='ltr'><em>Jam</em></span> <span class='ocrx_word' id='word_1_459' title='bbox 1515 3869 1606 3909; x_wconf 74' lang='grc' dir='ltr'>νει-ὂ</span> <span class='ocrx_word' id='word_1_460' title='bbox 1633 3876 1878 3920; x_wconf 73' lang='lat' dir='ltr'><em>repraesentet</em></span> <span class='ocrx_word' id='word_1_461' title='bbox 1900 3873 1933 3915; x_wconf 91' lang='grc'><em>1,</em></span> <span class='ocrx_word' id='word_1_462' title='bbox 1952 3872 1994 3915; x_wconf 69' lang='lat'><em>52,</em></span> <span class='ocrx_word' id='word_1_463' title='bbox 2022 3871 2048 3905; x_wconf 85' lang='grc'>5</span> <span class='ocrx_word' id='word_1_464' title='bbox 2065 3868 2197 3908; x_wconf 72' lang='grc' dir='ltr'>οὼεῐη</span> <span class='ocrx_word' id='word_1_465' title='bbox 2234 3864 2398 3914; x_wconf 78' lang='lat' dir='ltr'><em>planetae</em></span> 
     </span>
    </p>
   </div>
   <div class='ocr_carea' id='block_1_11' title="bbox 1661 2736 2126 3640">
    <p class='ocr_par' dir='ltr' id='par_1_13' title="bbox 1661 2736 2126 3640">
     <span class='ocr_line' id='line_1_50' title="bbox 1661 2736 2060 2825; baseline 0 -62"><span class='ocrx_word' id='word_1_466' title='bbox 1661 2736 2060 2825; x_wconf 95' lang='lat' dir='ltr'><em>  </em></span> 
     </span>
     <span class='ocr_line' id='line_1_51' title="bbox 1661 2825 2126 3640; baseline 0 0"><span class='ocrx_word' id='word_1_467' title='bbox 1661 2825 2126 3640; x_wconf 95' lang='lat' dir='ltr'><em>   </em></span> 
     </span>
    </p>
   </div>
  </div>
 </body>
</html>
