2540 4296
25 320 212 375 mez
232 319 538 385 TERTIUS.]
612 315 1017 371 PRINCIPIA
1057 315 1683 373 MATHEMATICA.

2070 324 2164 370 151

26 465 91 534 (¹¹)
123 465 215 517 Sin
238 472 492 533 punctum
520 463 565 515 P
589 479 697 514 non
721 460 915 513 incidat
938 461 992 512 in
1016 470 1271 530 punctum
1298 462 1369 526 N,
1396 463 1450 514 in
1476 462 1615 515 recta
1643 463 1691 515 A
1722 462 1767 515 C
1796 461 2026 530 capiatur
2053 460 2098 513 C
2121 461 2176 513 G

3 556 124 625 ipsi
141 555 195 606 N
213 555 258 607 P
277 555 506 626 aequalis,
534 555 607 606 ita
625 564 682 606 ut
703 561 897 622 puncta
919 552 973 605 G
992 562 1043 605 et
1063 552 1111 606 P
1128 552 1196 605 ad
1214 552 1423 605 easdem
1446 564 1620 623 partes
1639 562 1795 606 rectae
1816 553 1870 606 N
1889 551 1933 604 C
1951 553 2173 622 jaceant.

24 709 121 747 gens
138 694 392 734 latitudinis
380 708 422 733 m
440 691 701 733 observatione
719 690 832 731 tertia
851 693 900 732 ad
919 693 1074 732 radium

29 751 66 788 T
88 751 149 798 C;
172 751 364 800 jungatur
384 749 433 787 M
457 749 497 787 N
516 759 647 786 secans
667 747 690 785 1
714 747 781 785 O
771 759 811 784 111
836 746 886 785 Ο.
941 748 982 786 Si
1000 748 1075 786 eri-

26 810 142 854 gatur
169 803 379 851 trapezium
411 802 449 839 A
473 802 505 840 C
527 801 568 839 N
590 801 638 838 M
666 799 889 837 normaliter
917 800 967 839 ad
993 802 1074 851 pla-

26 869 124 894 num
144 856 328 905 eclipticae
345 861 525 893 manente
543 851 648 891 recta
670 853 702 892 C
722 854 775 900 A,
795 861 911 892 erunt
928 862 1074 903 puncta

29 908 89 954 M,
116 911 154 948 N
175 910 258 947 loca
277 921 364 946 vera
381 914 552 953 cometae,
572 906 605 943 si
623 904 741 945 mod&
760 915 952 956 punctum
976 909 1012 946 B
1025 909 1074 946 sit

27 964 110 1014 ejus
129 963 332 1013 vestigium
350 961 392 998 in
410 960 527 1009 plano
546 959 761 1008 eclipticae
750 973 793 997 1n
811 961 1074 999 observatione

27 1014 209 1062 secunda,
231 1022 268 1052 et
287 1015 445 1062 planum
465 1013 655 1051 transiens
672 1025 740 1062 per
754 1013 827 1051 tria
845 1022 991 1062 puncta
1012 1016 1073 1061 Μ,

32 1070 82 1116 Ο,
106 1071 159 1116 Ν,
181 1076 238 1106 est
256 1068 415 1116 planum
434 1066 660 1117 trajectoriae
678 1067 886 1112 cometicae,
909 1042 1074 1119 idedqud

27 1131 131 1161 recta
148 1097 198 1160 M
221 1121 262 1159 N
281 1128 337 1158 est
355 1119 496 1158 chorda
510 1133 621 1157 arcus
639 1120 865 1171 trajectoriae
883 1121 1073 1170 paraboli-

27 1188 86 1214 cae
105 1189 128 1214 a
145 1172 295 1213 cometa
314 1174 513 1222 descriptae
540 1173 641 1211 inter
660 1174 965 1212 observationem
992 1175 1070 1224 pri-

26 1242 131 1267 mam
163 1235 202 1266 et
231 1228 395 1273 tertiam,
426 1234 465 1264 et
497 1227 524 1264 S
554 1227 616 1271 M,
655 1227 682 1264 S
702 1226 744 1265 N
771 1234 863 1265 sunt
888 1227 1080 1266 distantiae

28 1291 190 1320 cometae
209 1295 232 1319 a
254 1282 342 1319 Sole
360 1281 402 1318 in
416 1279 678 1318 observatione
695 1278 831 1341 prima·
841 1288 879 1319 et
890 1281 1002 1319 tertia
1015 1294 1075 1319 re-

29 1336 205 1384 spective,
222 1336 295 1371 hoc
310 1342 377 1379 est,
395 1333 453 1371 dis
455 1333 672 1371 tantiavera
681 1333 851 1383 cujusvis
862 1335 1081 1383 punctitra-

22 1389 193 1440 jectoriae
206 1388 401 1426 cometicae
412 1399 435 1424 a
450 1387 538 1424 Sole
550 1391 606 1423 est
620 1386 886 1435 hypothenusa
898 1387 1083 1439 trianguli

25 1441 242 1503 rectanguli
262 1441 374 1491 cujus
391 1439 557 1477 alterum
577 1438 679 1476 latus
691 1447 748 1477 est
759 1438 940 1479 distantia
952 1455 974 1479 a
992 1442 1082 1480 Sole

28 1495 180 1545 vestigii
198 1494 304 1531 illius
323 1493 458 1542 puncti
483 1493 525 1529 in
551 1492 668 1541 plano
687 1493 885 1541 eclipticae,
916 1495 1081 1533 alterum

26 1556 155 1585 autem
176 1556 230 1585 est
249 1545 573 1596 perpendiculum
591 1559 637 1583 ex
657 1547 731 1584 isto
745 1548 906 1598 vestigio
925 1561 1080 1587 norma-

25 1601 121 1639 liter
131 1601 180 1638 ad
200 1601 360 1650 planum
381 1600 566 1660 eclipticae
585 1598 795 1637 excitatum
815 1610 853 1639 et
879 1601 930 1640 ad
955 1615 1081 1652 pune-

24 1661 111 1692 tum
98 1655 346 1717 trajectoriae
357 1652 617 1691 terminatum.
647 1652 754 1697 Quia

24 1706 115 1745 verd
133 1708 261 1758 aliqua
288 1720 335 1745 ex
361 1706 443 1744 istis
469 1705 753 1755 perpendiculis

24 1769 116 1799 sunt
144 1760 321 1811 longiora
351 1767 398 1798 ut
430 1760 471 1797 N
495 1759 540 1805 C,
573 1759 751 1809 quaedam

23 1815 194 1852 breviora
211 1823 257 1852 ut
278 1814 327 1852 M
346 1814 395 1859 A,
409 1812 509 1850 inter
526 1813 609 1850 haec
627 1812 749 1850 medi-

23 1880 93 1904 um
111 1867 309 1918 quoddam
327 1873 546 1915 usurpetur,
576 1865 671 1914 puta
687 1865 751 1904 hic

26 1921 48 1958 Ι
73 1921 124 1959 O.
184 1921 240 1958 Et
258 1920 523 1958 universaliter
542 1918 748 1968 loquendo,

24 1973 204 2011 distantia
222 1974 390 2025 cujusvis
416 1971 551 2021 puncti
575 1972 750 2022 trajecto-

23 2028 91 2064 riae
121 2027 320 2065 cometicae
351 2039 375 2064 a
400 2025 490 2064 Sole
516 2024 588 2063 erit
613 2038 750 2076 quam-

24 2080 200 2129 proxime
249 2081 517 2142 hypothenusa
564 2078 750 2129 trianguli

23 2134 239 2183 rectanguli
258 2135 370 2194 cujus
388 2132 551 2171 alterum
575 2131 677 2170 latus
694 2139 753 2171 est

25 2186 206 2225 distantia
216 2186 351 2236 puncti
369 2184 546 2236 analogi
535 2197 576 2222 111
587 2185 750 2235 vestigio

23 2241 250 2290 trajectoriae
281 2239 483 2288 descripto,
517 2244 556 2276 et
582 2237 750 2276 alterum

22 2293 124 2331 latus
142 2301 199 2331 est
216 2294 296 2341 ipsa
313 2300 415 2331 recta
434 2291 458 2330 I
481 2290 531 2329 O.
593 2290 750 2336 Quibus

23 2346 155 2396 positis
172 2348 213 2384 in
230 2347 252 2384 I
271 2347 324 2393 A,
337 2345 429 2385 eave
447 2342 636 2395 producta
645 2344 749 2394 capi-

23 2419 110 2449 asur
131 2412 150 2450 1
169 2413 281 2450 D=
301 2398 634 2464 εμ-ι--ξῑλι-
653 2411 746 2458 SR,

21 2464 125 2503 facta
154 2466 190 2503 L
214 2466 253 2503 R
273 2480 331 2501 =
361 2465 398 2503 L
425 2481 468 2514 μ,
498 2472 536 2502 et
558 2465 748 2515 jungatur

26 2519 67 2556 D
91 2518 142 2565 O,
170 2520 254 2556 haec
271 2516 564 2569 quamproxime
581 2517 748 2568 aequabi·

22 2578 87 2609 tur
104 2571 237 2620 puncti
265 2571 489 2623 trajectoriae
507 2571 619 2622 cujus
644 2588 674 2620 μ
692 2577 750 2609 est

24 2625 228 2676 vestigium
244 2624 440 2663 distantiae
466 2637 490 2662 a
519 2624 608 2662 Sole
624 2631 750 2662 auctae

23 2677 174 2716 duabus
192 2678 312 2716 tertiis
330 2684 445 2715 rectae
462 2677 670 2729 interjectae
687 2678 750 2715 in·

24 2739 83 2769 ter
99 2739 288 2780 punctum
308 2731 411 2769 istud
431 2737 470 2769 et
487 2730 670 2768 chordam
688 2742 749 2769 31·-

24 2783 92 2822 cus
103 2784 337 2835 trajectoriae,
354 2783 475 2833 ipsam
490 2784 636 2822 scilicet
650 2785 699 2822 M
709 2784 750 2823 N

23 2837 66 2874 in
85 2838 251 2888 trapezio
269 2839 307 2876 A
324 2839 356 2877 C
374 2838 412 2876 N
430 2838 492 2882 M,
510 2837 550 2875 id
563 2844 631 2884 est,
648 2845 751 2877 recta

26 2891 68 2929 D
91 2892 127 2930 Ο
162 2891 320 2942 aequalis
343 2898 401 2929 est
426 2897 542 2929 rectae
567 2891 610 2928 in
634 2891 751 2941 plano

25 2945 248 2996 trajectoriae
279 2953 439 2983 cometae
468 2943 643 2995 analogae
679 2945 754 2994 ipsi

30 2999 56 3036 S
73 3000 111 3036 R
129 2998 169 3035 in
182 2999 265 3048 ejus
277 2997 438 3049 vestigio
452 2997 493 3035 in
509 2997 625 3046 plano
635 2998 753 3048 eclip-

27 3052 126 3096 ticae‚
147 3052 220 3089 hoc
239 3058 296 3089 est
316 3052 357 3090 D
377 3052 413 3090 Ο
431 3051 588 3101 aequalis
601 3059 659 3090 est
670 3064 753 3090 rec-

28 3112 79 3144 tae
110 3106 136 3143 S
159 3106 198 3143 R
225 3106 266 3142 in
291 3102 473 3153 parabola
503 3105 636 3155 (Lem.
660 3104 753 3155 X.).

28 3159 119 3198 Jam
151 3160 236 3209 (per
266 3157 394 3197 Corol.
419 3163 455 3197 3.
486 3155 603 3207 Prop.
629 3158 751 3208 XL.)

29 3212 249 3251 conferatur
267 3212 446 3249 velocitas
463 3219 634 3256 cometae‚
656 3211 753 3249 dum

28 3266 68 3304 in
82 3264 298 3314 parabolica
313 3263 384 3304 sua
395 3263 611 3315 trajectoria
621 3277 753 3303 move·

28 3325 94 3358 tur
111 3318 152 3356 in
171 3317 353 3357 distantia
370 3332 394 3356 a
415 3319 503 3357 Sole
517 3318 655 3368 aequali
674 3330 756 3356 rec-

30 3381 82 3410 tae
111 3373 152 3410 D
176 3373 226 3416 O,
256 3384 346 3410 cum
366 3372 564 3411 velocitate
586 3371 756 3410 Telluris

33 3424 136 3464 circa
170 3425 313 3471 Solem,
352 3432 390 3463 et
418 3425 624 3464 definiatur
660 3424 762 3463 linea

37 3491 157 3528 quam
176 3486 335 3523 cometa,
357 3490 448 3516 cum
466 3476 652 3529 praedicta
671 3478 874 3517 velocitate
893 3475 1095 3528 aequabili-

36 3539 97 3570 ter
115 3539 257 3577 motus,
287 3540 526 3580 percurreret
552 3540 635 3570 toto
655 3539 828 3581 tempore
846 3543 925 3582 quo
957 3530 1097 3568 Tellus

38 3597 173 3623 arcum
203 3602 227 3623 a·
253 3592 271 3623 t
299 3585 336 3623 T
367 3585 559 3632 describit,
592 3585 672 3623 sive
699 3594 783 3624 toto
810 3593 986 3634 tempore
1018 3595 1098 3633 quo

41 3647 192 3677 cometa
211 3651 346 3676 arcum
376 3639 415 3676 A
439 3640 475 3677 B
500 3639 532 3677 C
560 3637 603 3675 in
622 3638 799 3688 ecliptica
824 3636 1024 3699 percurrit,
1053 3636 1095 3674 in

42 3692 216 3740 partibus
234 3705 345 3730 arcus
366 3692 402 3730 T
421 3699 438 3730 t
458 3709 483 3731 ‹2-
501 3705 523 3729 a
546 3691 705 3730 Tellure
724 3693 879 3730 interim
908 3690 1093 3739 percursi.

46 3745 100 3784 ld
118 3755 249 3784 autem
268 3746 381 3783 facile
400 3759 498 3794 praes
483 3753 604 3783 tatur
621 3745 740 3783 modo
759 3744 944 3796 sequenti.
1008 3743 1097 3781 Cal-

45 3799 136 3836 culo
154 3799 371 3837 inveniatur
390 3798 596 3849 longitudo
615 3797 726 3837 arcus
746 3815 769 3837 ee·
787 3807 804 3837 t
824 3799 860 3837 T
888 3811 913 3835 a
942 3795 1099 3835 Tellure

46 3851 228 3901 descripti
245 3853 346 3891 inter
364 3853 668 3891 observationem
693 3853 858 3901 primam
878 3859 917 3889 et
935 3849 1099 3896 tertiam,

870 1737 925 1784 Ν
1023 1745 1066 1793 P

895 2205 937 2254 o
958 2038 1455 2216 Alli

1126 700 1185 733 est
1201 693 1252 732 ad
1269 693 1555 745 longitudinem
1584 693 1694 745 prius
1720 695 1917 732 inventam
1946 692 1997 739 X,
2027 692 2067 729 in
2086 693 2178 729 sub-

1127 747 1324 796 duplicata
1341 748 1490 787 ratione
1504 749 1682 787 diametri
1697 748 1799 786 orbis
1812 746 1946 798 magni
1964 747 2013 786 ad
2032 754 2178 790 rectam

1127 808 1261 839 notam
1297 802 1340 839 D
1376 801 1428 848 O,
1461 814 1625 853 quaeque
1654 800 1814 851 proinde
1843 801 1969 845 datur,
2009 806 2066 838 est
2096 799 2179 847 ipsa

1126 853 1332 905 longitudo
1367 855 1540 905 quaesita,
1587 868 1635 893 ea
1670 867 1810 903 nempe
1855 866 1984 905 quam,
2029 860 2180 891 cometa

1127 908 1365 958 aequabiliter
1391 908 1494 945 latus
1520 921 1612 946 cum
1639 907 1839 946 velocitate
1858 920 1973 958 quam
1999 908 2179 958 trajecto-

1126 962 1225 999 riam
1244 974 1354 999 suam
1373 962 1631 1010 parabolicam
1651 960 1868 999 describens
1895 962 2009 999 habet
2028 960 2078 998 ad
2103 959 2179 997 dis-

1126 1015 1290 1053 tantiam
1309 1027 1332 1053 a
1353 1013 1443 1052 Sole
1461 1014 1651 1065 aequalem
1669 1023 1784 1052 rectae
1806 1015 1847 1052 D
1871 1014 1922 1060 O,
1942 1020 2182 1063 percurreret

1127 1075 1301 1117 tempore
1327 1075 1582 1118 quo·cometa
1600 1080 1734 1106 arcum
1753 1068 1869 1118 cujus
1896 1067 2040 1106 chorda
2069 1068 2116 1104 M
2139 1067 2182 1104 N

1126 1120 1261 1160 revera
1274 1121 1474 1171 percurrit.
1519 1122 1624 1160 Nam
1642 1124 1728 1172 (per
1752 1121 1841 1159 Cor.
1862 1126 1898 1158 3.
1923 1121 2039 1169 Prop.
2059 1119 2180 1170 XL.)

1126 1174 1308 1213 velocitas
1326 1182 1489 1213 cometae
1507 1175 1549 1214 in
1567 1172 1641 1212 hac
1660 1173 1841 1212 distantia
1856 1175 1896 1212 D
1916 1174 1967 1219 Ο,
1984 1182 2040 1211 est
2055 1173 2104 1212 ad
2117 1187 2185 1211 ve-

1132 1228 1329 1271 locitatem
1369 1227 1538 1267 Telluris
1573 1228 1615 1265 in
1651 1225 1837 1276 praedicta
1872 1227 2033 1265 rati0ne.
2107 1226 2184 1265 Sed

1135 1283 1222 1334 (per
1243 1282 1356 1319 Lem.
1382 1281 1456 1330 X.)
1479 1282 1581 1320 dieta
1599 1280 1804 1331 longitudo
1824 1281 1873 1319 Μ
1897 1281 1931 1319 Ρ
1951 1280 2110 1330 aequalis
2129 1289 2185 1318 est

1134 1335 1289 1373 chordae
1317 1347 1428 1374 arcus
1450 1348 1566 1386 quem
1595 1342 1746 1373 cometa
1772 1335 1845 1372 isto
1864 1342 2036 1383 tempore
2054 1347 2185 1372 revera

1136 1388 1341 1427 describit·
1330 1418 1341 1436 ,
1389 1401 1508 1437 quare
1544 1388 1576 1426 si
1621 1388 1832 1437 reperiatur
1871 1388 1919 1425 M
1956 1388 1991 1425 P
2027 1388 2187 1437 aequalis

1135 1443 1289 1480 chordae
1319 1443 1366 1480 M
1390 1442 1442 1488 Ν,
1471 1444 1546 1480 hoc
1564 1449 1632 1487 est,
1658 1442 1687 1479 si
1715 1450 1906 1490 punctum
1928 1441 1962 1479 P
1980 1441 2155 1479 incidat
2144 1454 2187 1478 111

1134 1504 1325 1558 punctum
1356 1496 1397 1534 N
1424 1495 1526 1534 reete
1554 1502 1794 1545 assumptum
1824 1495 1899 1532 fuit
1926 1502 2117 1543 punctum
2148 1495 2184 1533 B

1133 1550 1177 1587 in
1206 1549 1455 1601 longitudine
1487 1548 1662 1587 secund&
1719 1551 1891 1586 observat
1923 1561 1994 1597 pro
2025 1548 2189 1599 vestigio

1135 1611 1309 1651 cometae,
1328 1601 1496 1656 ide6que
1514 1610 1630 1642 erunt
1651 1603 1703 1649 A,
1728 1602 1776 1649 B,
1797 1603 1843 1648 C,
1865 1602 1938 1641 tria
1956 1602 2041 1641 loca
2058 1614 2189 1641 come-

1961 3340 1996 3404 ξ

1152 3483 1291 3568 tlaebper
1309 3488 1397 3527 quae
1415 3475 1517 3515 orbis
1537 3475 1621 3527 ejus
1642 3475 1683 3514 in
1701 3474 1819 3526 plano
1837 3472 2022 3523 eclipticae
2041 3473 2203 3514 describi

1181 3543 1199 3567 e
1229 3538 1265 3568 et

1210 3637 1267 3689 (¹¹)
1289 3639 1311 3661 *²
1334 3638 1402 3675 Sin
1423 3643 1638 3700 punctum
1642 3638 1680 3674 P
1695 3649 1776 3675 non
1795 3637 1937 3675 incidat
1955 3636 1998 3674 in
2011 3643 2205 3685 punctum

1152 3693 1210 3734 ‚N,
1245 3691 1287 3727 in
1315 3689 1420 3728 recta
1453 3689 1501 3727 M
1525 3691 1563 3727 N
1596 3702 1689 3727 eave
1721 3687 1920 3739 producta,
1954 3688 1986 3725 si
2013 3701 2111 3738 opus
2135 3698 2204 3737 est,

1158 3743 1253 3795 (vid.
1278 3743 1343 3793 fig.
1368 3744 1530 3792 praeced.
1538 3743 1561 3794 )
1575 3743 1776 3792 capiantur
1795 3743 1843 3781 M
1861 3743 1908 3790 P,
1927 3743 1967 3781 N
1983 3743 2018 3782 P
2037 3744 2206 3794 aequales

1156 3797 1394 3848 longitudini
1413 3797 1519 3846 prius
1537 3798 1714 3843 inventae,
1736 3797 1935 3845 capiantur
1953 3797 2070 3836 etiam
2093 3798 2126 3837 C
2151 3798 2201 3842 G,

1162 3851 1195 3889 C
1218 3851 1263 3897 F,
1285 3851 1452 3901 aequales
1471 3852 1519 3889 M
1539 3851 1586 3894 P,
1610 3850 1650 3888 N
1675 3851 1722 3897 P,
1742 3849 1798 3888 ita
1816 3859 1861 3888 ut
1883 3851 1920 3889 G
1940 3859 1980 3889 et
2000 3851 2035 3889 P
2053 3850 2103 3889 ad
2123 3864 2205 3889 eas-

47 3905 173 3953 p65ito
191 3905 326 3955 quovis
352 3918 518 3944 numero
536 3905 706 3943 rotundo
733 3918 803 3954 pro
821 3905 1007 3943 mediocri
1026 3903 1104 3941 dis-
1160 3904 1249 3942 dem
1267 3912 1394 3953 partes
1411 3912 1524 3943 rectae
1544 3905 1584 3943 N
1605 3905 1637 3943 C
1651 3904 1814 3955 jaceant.
1859 3904 2050 3943 Praeterea
2068 3903 2205 3942 effidem

48 3957 172 3996 tantia.
200 3959 331 3998 Terrae
357 3971 381 3998 3
411 3959 515 4006 Sole,
544 3958 749 4009 longitudo
768 3957 865 4008 puta
885 3959 930 3996 M
957 3959 992 3996 P
1019 3970 1107 4006 quae
1161 3958 1346 3996 methodo
1377 3957 1457 4008 quii
1487 3970 1535 3996 ex
1567 3966 1765 4008 assumpto
1795 3965 1942 4008 puncto
1976 3958 2024 4007 B,
2051 3958 2207 3997 inventa
