2540 4296
355 294 425 339 20

861 280 1426 334 PHILOSOPHIAE
1466 280 1920 335 NATURALIS
1962 280 2079 345 [DE
2108 279 2318 331 Mum).
2352 278 2505 330 strr.

355 422 608 475 distantiis
638 422 771 475 Solis
796 442 827 473 a
852 422 1035 484 Terra,
1076 422 1289 474 variatio
1314 423 1539 474 maxima
1575 412 1653 476 est
1688 424 1743 475 in
1780 424 1980 475 ratione
2005 442 2121 492 quae
2162 424 2497 492 componitur

357 532 425 566 ex
464 514 722 584 duplicata
765 515 962 565 ratione
989 514 1235 581 temporis
1276 514 1609 566 revolutionis
1652 516 1909 585 synodicae
1950 515 2149 566 lunaris
2189 516 2334 584 (dato
2374 515 2495 565 anni

359 606 615 671 tempore)
643 602 853 665 directe,
901 612 952 653 et
993 602 1247 670 triplicata
1292 603 1490 653 ratione
1529 602 1784 655 distantiae
1814 604 1946 655 Solis
1992 623 2022 653 a
2067 602 2235 654 Terra
2280 602 2496 654 inverse.

361 693 421 762 (0)
463 692 694 762 Ideoque
718 694 773 743 in
798 711 1015 763 apogaeo
1045 691 1178 744 Solis
1204 693 1417 744 variatio
1442 696 1669 745 maxima
1694 703 1773 745 est
1799 696 1898 746 33'.
1931 696 2043 756 14²²,
2074 703 2125 744 et
2149 694 2203 744 in
2229 694 2336 761 ejus
2361 694 2497 761 peri-

359 837 519 876 effectus
536 844 642 875 totus
670 853 695 874 a
718 839 757 874 A
785 836 857 875 erit
884 844 930 874 ut
958 835 1190 887 quadratum
1221 836 1404 885 temporis

359 903 430 939 per
445 890 550 941 quod
567 890 645 927 illae
662 889 761 926 vires
779 897 942 940 egerunt
955 902 1023 938 per
1041 890 1127 927 Cor.
1151 894 1183 926 1.
1210 889 1322 927 Lem.
1342 890 1400 926 X.

361 943 451 981 Lib.
473 944 508 981 Ι.
530 941 695 993 ideoque
716 951 753 981 Π
776 952 816 981 Ψ·
835 943 968 980 crescit
985 941 1200 980 secundum
1219 942 1406 993 quadrata

359 1003 591 1045 temporum.

415 1049 532 1088 Idem
555 1050 878 1088 demonstrabitur
909 1050 958 1087 de
985 1049 1162 1098 portione
1186 1048 1405 1087 variationis

361 1112 402 1141 Ψ
422 1121 448 1141 ω
476 1115 564 1153 quae
591 1103 731 1150 pendet
762 1115 809 1140 ex
838 1103 1110 1141 acceleratione
1141 1101 1406 1150 descriptionis

359 1168 485 1202 areae;
522 1156 665 1206 quippe
694 1157 939 1194 manentibus
969 1156 1149 1193 omnibus
1176 1162 1222 1192 ut
1247 1154 1287 1191 in
1319 1162 1400 1191 not.

364 1212 452 1247 112.
474 1216 512 1246 et
529 1210 594 1260 fig.
620 1208 677 1247 3³.
710 1217 814 1247 recta
836 1211 868 1247 C
891 1210 929 1246 A
949 1209 1075 1259 majus
1101 1216 1254 1256 tempus
1279 1207 1406 1258 desig-

359 1274 452 1300 nare
463 1271 673 1309 censeatur,
689 1271 726 1300 et
736 1271 863 1311 partes
877 1262 912 1300 P
924 1276 948 1311 p
963 1261 1205 1310 tempuscula
1215 1261 1256 1297 in
1268 1261 1403 1299 eadem

359 1316 508 1353 ratione
520 1315 708 1366 longiora,
728 1316 841 1353 lineae
857 1316 891 1353 P
909 1316 955 1353 M
971 1315 1173 1365 designant
1187 1314 1405 1352 velocitates

359 1368 509 1419 genitas
536 1368 698 1406 durante
717 1376 914 1406 momento
946 1368 982 1406 P
1001 1381 1038 1416 p,
1070 1367 1102 1404 si
1131 1380 1223 1417 ergo
1249 1367 1290 1404 id
1318 1378 1402 1404 mo-

359 1429 539 1459 mentum
574 1429 717 1459 crescat
753 1422 895 1459 viribus
930 1420 1230 1473 generatricibus
1266 1420 1403 1457 iisdem

359 1475 617 1521 manentibus,
638 1474 857 1513 velocitates
874 1476 1014 1526 genitae
1043 1475 1077 1511 P
1097 1474 1146 1511 M
1165 1481 1335 1511 crescent
1362 1473 1404 1509 in

359 1528 604 1577 proportione
622 1528 813 1577 temporiS‚
836 1536 874 1565 et
892 1528 982 1578 quia
1004 1527 1039 1564 P
1056 1541 1082 1576 p
1103 1527 1152 1564 M
1170 1539 1211 1563 m
1229 1526 1405 1576 designat

360 1581 569 1630 spatiolum
586 1579 655 1618 illa
673 1580 873 1619 velocitate
891 1592 1129 1629 percursum,
1151 1587 1403 1629 crescuntque

360 1643 400 1672 et
435 1634 470 1672 P
491 1635 540 1672 M
569 1642 608 1672 et
643 1635 678 1672 P
697 1648 721 1682 p
750 1634 791 1671 in
822 1634 969 1672 ratione
995 1641 1226 1681 temporum,
1262 1640 1404 1670 crescet

363 1687 400 1725 P
421 1688 470 1725 M
488 1701 529 1725 m
547 1700 573 1736 p
591 1687 633 1725 in
651 1688 798 1725 ratione
816 1685 1013 1736 duplicata
1030 1695 1263 1735 temporum,
1293 1684 1403 1723 ciim-

352 1753 437 1791 Aque
465 1741 621 1792 singula
639 1742 830 1779 elementa
848 1753 974 1778 curvae
1006 1741 1048 1777 in
1080 1738 1127 1777 ea
1157 1738 1403 1788 proportione

359 1802 543 1841 crescant,
574 1802 613 1832 et
644 1802 724 1832 tota
753 1806 794 1831 ar
818 1807 840 1831 a
876 1795 908 1832 C
945 1797 982 1831 A
1016 1793 1072 1837 H,
1108 1800 1146 1830 et
1178 1793 1213 1830 ei
1246 1791 1404 1841 aequalis

364 1848 397 1886 C
420 1849 455 1885 A
480 1847 523 1885 X
545 1847 595 1893 Y,
625 1848 781 1898 ejusque
795 1807 959 1884 ‘dimidia
981 1847 1013 1885 C
1038 1847 1079 1890 Q
1098 1847 1129 1883 Z
1152 1846 1189 1883 Y
1206 1846 1248 1882 in
1265 1844 1403 1883 eadem

358 1901 606 1951 proportione
619 1908 808 1947 crescent3
829 1912 875 1939 ex
889 1899 967 1950 qua
980 1900 1011 1937 si
1026 1899 1247 1937 detrahatur
1264 1899 1296 1936 C
1317 1898 1358 1942 Q
1370 1899 1402 1935 Z

359 1954 465 2004 quod
502 1954 546 1991 in
581 1951 719 2004 eadem
758 1954 1003 2003 proportione
1039 1952 1168 1998 crevit,
1211 1952 1405 2001 reliquum

364 2007 398 2046 C
419 2008 452 2044 Z
474 2008 512 2046 Y
529 2007 634 2057 quod
652 2019 750 2045 areae
768 2006 968 2045 variationi
985 2006 1166 2043 maximae
1186 2014 1226 2043 Ψ
1249 2005 1285 2043 Τ
1304 2022 1330 2042 ω
1350 2012 1406 2042 est

358 2060 656 2110 proportionale,
685 2068 827 2098 crescet
845 2059 962 2098 etiam
987 2060 1030 2096 in
1054 2057 1190 2097 eadem
1210 2056 1407 2107 duplicata

358 2114 509 2151 ratione
536 2121 767 2162 temporum,
799 2119 982 2151 manente
1012 2112 1141 2162 itaque
1172 2111 1279 2149 radio
1310 2112 1347 2150 T
1364 2130 1403 2156 ω,

358 2167 442 2216 ipse
459 2180 571 2206 arcus
590 2176 631 2205 Ψ
650 2185 676 2206 ω
695 2175 836 2205 crescet
853 2166 895 2203 in
915 2163 1112 2215 duplicata
1141 2164 1289 2203 ratione
1307 2171 1405 2203 tem-

358 2233 512 2270 porum.

416 2274 526 2312 Hinc
545 2272 636 2312 cum
671 2282 708 2312 Π
730 2283 771 2320 Ψ
803 2280 945 2312 crescat
973 2272 1017 2310 in
1045 2269 1242 2321 duplicata
1258 2272 1406 2310 ratione

359 2334 593 2376 temporum,
622 2334 708 2365 tum
726 2327 843 2365 etiam
871 2336 912 2365 Ψ
931 2344 970 2372 ω,
999 2337 1152 2363 summa
1168 2325 1299 2375 itaque
1319 2334 1357 2363 Π
1378 2343 1405 2364 ω

359 2382 440 2418 sive
457 2387 538 2419 tota
551 2379 708 2418 variatio
722 2387 864 2419 crescet
881 2379 923 2417 in
942 2377 1079 2417 eadem
1093 2378 1287 2427 duplicata
1305 2385 1405 2416 tem-

359 2447 501 2484 porum
518 2434 677 2472 ratione.

416 2487 520 2526 Dico
546 2495 733 2536 praeterea
758 2487 864 2537 quod
895 2486 926 2524 si
959 2492 1152 2535 spectetur
1183 2484 1404 2523 imminutio

358 2539 520 2578 actionis
537 2541 636 2580 Solis
654 2547 809 2589 propter
828 2547 981 2578 auctam
996 2538 1227 2583 distantiam,
1249 2538 1406 2576 variatio

358 2593 529 2633 maxima
547 2594 740 2632 decrescet
764 2594 806 2630 in
833 2593 981 2631 ratione
999 2592 1188 2641 triplicata
1209 2591 1405 2629 distantia-

358 2659 461 2694 rum,
501 2660 592 2686 nam
623 2647 847 2698 designetur
877 2647 935 2684 vis
969 2646 1174 2684 mediocris
1209 2643 1308 2683 Solis
1338 2657 1407 2696 per

362 2767 390 2804 S
412 2767 454 2804 K
469 2761 502 2789 2,
532 2740 590 2772 est
608 2745 655 2771 ex
675 2732 960 2771 constructione
982 2732 1009 2770 S
1030 2731 1072 2769 K
1092 2730 1142 2768 ad
1163 2731 1199 2769 T
1218 2730 1268 2768 M
1288 2737 1332 2767 ut
1350 2730 1406 2768 vis

363 2851 463 2890 Solis
481 2852 560 2890 sive
579 2860 625 2890 ut
653 2887 680 2923 S
702 2824 779 2922 {42
811 2851 859 2890 ad
889 2852 968 2889 vim
999 2852 1035 2889 T
1056 2849 1117 2897 M,
1152 2861 1245 2900 ergo
1276 2861 1321 2886 ea
1347 2848 1404 2885 vis

363 2970 400 3008 T
417 2970 465 3008 M
485 2978 543 3008 est
560 2978 606 3009 ut
628 2939 768 3043 ὃΤΙῙέΙὸ
788 2978 970 3009 manente
997 2981 1090 3019 ergo
1112 2969 1147 3006 T
1168 2969 1216 3007 M
1235 2981 1323 3018 quae
1348 2975 1406 3005 est

359 3056 519 3107 aequalis
540 3057 575 3095 P
597 3058 656 3105 T;
677 3057 734 3094 vis
755 3057 791 3094 T
811 3057 860 3094 M
880 3069 925 3094 ex
945 3056 1095 3094 actione
1116 3053 1215 3092 Solis
1233 3053 1406 3102 pendens

358 3109 543 3148 decrescit
572 3117 617 3148 ut
646 3110 914 3148 distantiarum
944 3111 1068 3147 cubus
1097 3114 1288 3157 augetur3
1320 3120 1404 3144 ma-

357 3170 475 3201 nente
505 3176 596 3214 ergo
627 3171 810 3212 tempore,
842 3162 910 3200 sed
941 3162 979 3200 vi
1010 3160 1160 3199 m'utata
1191 3158 1406 3198 secundnm

357 3216 547 3255 rationem
559 3217 800 3266 triplicatam,
821 3214 957 3254 eadem
976 3214 1057 3253 fere
1068 3214 1215 3252 ratione
1233 3226 1278 3252 ac
1295 3214 1404 3262 prius

358 3269 581 3308 ostendetur
598 3278 803 3320 utramque
820 3268 1038 3307 variationis
1055 3267 1237 3305 maximae
1255 3274 1404 3316 partem

359 3331 399 3361 Π
420 3332 461 3361 Ψ·
479 3341 505 3361 ω
538 3331 577 3361 et
607 3333 648 3362 Ψ
666 3342 693 3361 ω
724 3324 805 3361 fore
823 3320 971 3360 inverse
989 3321 1030 3359 in
1048 3321 1195 3359 ratione
1213 3316 1405 3369 triplicata

358 3376 626 3415 distantiarum
665 3376 764 3414 Solis
778 3392 790 3424 ;
832 3378 994 3426 hincque
1026 3377 1068 3414 in
1104 3376 1215 3413 variis
1251 3375 1343 3412 Solis
1379 3387 1404 3411 a

366 3428 487 3469 Τεννᾶ
507 3432 691 3470 distantiis
721 3444 808 3481 quae
839 3432 882 3468 in
914 3428 1013 3466 datis
1044 3428 1136 3466 anni
1168 3425 1406 3476 temporibus

359 3490 573 3529 recurrunt,
586 3486 806 3522 variationes
818 3485 993 3521 maaeimae
1007 3489 1118 3521 erunt
1131 3484 1169 3518 in
1175 3488 1230 3518 ter
1241 3493 1278 3519 se
1290 3482 1331 3518 in
1341 3493 1404 3517 ra-

359 3537 460 3574 tione
478 3535 669 3586 duplicat&
682 3539 894 3585 durationis·
909 3538 1043 3575 mensis
1057 3536 1227 3585 synodici
1247 3547 1286 3571 eo
1310 3540 1405 3571 tem-

355 3601 458 3639 pore,
480 3597 513 3626 et
533 3588 724 3639 triplicat&
741 3589 885 3629 inverse?
904 3591 1094 3628 distantiae
1107 3589 1198 3626 Solis
1217 3601 1242 3624 a
1268 3582 1402 3625 Terrd.

416 3641 472 3693 (⁰)
506 3647 523 3665 “
548 3645 725 3694 Ide6que,
747 3644 816 3681 &c.
878 3642 943 3680 Ex
970 3641 1029 3678 his
1047 3649 1086 3679 et
1103 3639 1407 3689 praecedentibus

362 3692 474 3733 facile
493 3694 724 3746 intelligitur
744 3694 926 3734 Newtoni
944 3694 1129 3739 calculus,
1149 3692 1181 3730 si
1199 3693 1306 3741 prius
1322 3693 1407 3729 haec

365 3748 560 3796 Principia
578 3756 816 3787 revocentur.

420 3799 477 3839 10.
540 3801 581 3839 Si
612 3801 763 3841 dicatur
793 3814 834 3840 m
867 3800 1049 3840 distantia
1066 3798 1271 3839 mediocris
1293 3796 1406 3844 Solis,

1457 836 1506 874 sit
1539 838 1582 886 ὲ
1600 851 1622 875 e
1654 851 1829 876 excessus
1860 839 1921 876 vel
1949 839 2121 877 defectus
2151 839 2232 889 ejus
2259 837 2449 874 distantiae
2477 848 2499 873 a

1457 890 1639 928 mediocri
1658 890 1839 929 distantia
1866 893 1905 929 in
1933 892 2018 929 loco
2039 892 2173 941 quovis
2191 890 2301 937 dat03
2332 889 2498 938 denique

1458 944 1607 982 dicatur
1638 957 1656 981 s
1689 945 1789 982 Solis
1807 954 1935 983 motus
1963 945 2138 982 horarius
2167 943 2380 986 mediocris,
2412 942 2500 979 dico

1457 996 1561 1048 quod
1595 997 1694 1036 Solis
1724 1005 1852 1035 motus
1870 997 2044 1036 horarius
2074 997 2116 1034 in
2148 997 2233 1034 loco
2251 997 2386 1046 quovis
2418 1009 2498 1033 suae

2251 1062 2291 1085 m
2310 1051 2329 1072 ²
2349 1062 2367 1085 s

2218 1124 2319 1170 111.ss
2342 1121 2402 1169 ΕΙ2

1517 1177 1573 1214 Sit
1591 1178 1693 1214 enim
1716 1176 1753 1213 T
1774 1178 1919 1223 Terra;
1954 1177 1988 1214 P
2012 1176 2103 1222 Sol;
2136 1176 2171 1214 T
2195 1175 2229 1213 P
2246 1189 2273 1224 p
2291 1187 2378 1212 area
2396 1174 2500 1210 horae

1460 1237 1632 1277 tempore
1664 1229 1862 1278 descripta,
1898 1231 1980 1280 ejus
2012 1242 2109 1266 areae
2139 1228 2245 1265 valor
2273 1227 2398 1264 ubivis
2430 1226 2502 1263 erit

1457 1295 1607 1331 semper
1624 1281 1740 1330 idem,
1761 1283 1809 1321 sit
1828 1297 1853 1332 p
1871 1297 1897 1334 q
1914 1296 2025 1321 arcus
2044 1282 2152 1320 radio
2173 1282 2209 1320 T
2227 1294 2253 1330 p
2272 1280 2497 1328 descriptus,

1817 1416 1845 1453 P
2169 1456 2172 1459 .

1673 1459 2300 1592 RQ

1674 1583 1699 1615 l

1458 1084 1591 1122 orbitae
1610 1084 1845 1133 exprimetur
1863 1098 1932 1134 per
1949 1085 2202 1135 quantitatem

1457 1686 1525 1736 qui
1553 1687 1603 1723 ob
1636 1684 1888 1736 exiguitatem
1910 1683 2010 1721 sumi
2029 1689 2154 1731 potest
2187 1688 2230 1718 ut
2261 1680 2387 1730 ipsum
2416 1694 2501 1730 per-

1456 1739 1710 1788 pendiculum
1739 1738 1780 1774 in
1809 1738 1931 1775 basim
1966 1737 2001 1774 P
2022 1737 2058 1774 T
2086 1734 2306 1779 demissum,
2337 1732 2503 1785 ide6que

1458 1795 1507 1830 ob
1526 1805 1631 1830 areas
1643 1791 1767 1829 ubivis
1781 1791 1946 1840 aequales
1964 1790 1996 1826 is
2015 1801 2125 1827 arcus
2137 1788 2208 1825 erit
2220 1787 2342 1824 ubivis
2353 1787 2502 1825 inverse

1457 1853 1503 1883 ut
1519 1846 1620 1884 basis
1642 1846 1678 1883 T
1700 1845 1746 1889 P,
1777 1844 1844 1882 sed
1862 1856 2049 1881 numerus
2068 1842 2261 1892 graduum
2290 1840 2374 1891 ejus
2392 1854 2504 1878 arcus

1456 1912 1483 1948 p
1501 1913 1527 1950 q
1553 1907 1611 1937 est
1629 1896 1772 1936 directe
1790 1905 1835 1935 ut
1852 1897 1885 1934 is
1903 1898 1984 1945 ipse
2008 1908 2118 1933 arcus
2137 1902 2175 1931 et
2193 1892 2339 1931 inverse
2357 1902 2402 1931 ut
2420 1895 2504 1944 ejus

1458 1952 1590 1990 radius
1624 1952 1661 1990 T
1679 1964 1704 1999 p
1734 1951 1812 1988 sive
1843 1951 1879 1988 T
1902 1943 1947 1995 Ρ,
1982 1962 2075 2000 ergo
2093 1960 2280 1985 numerus
2308 1947 2503 1997 graduum

1459 2006 1543 2056 ejus
1562 2004 1672 2044 arcus
1702 2017 1728 2053 p
1747 2017 1772 2054 q
1800 2010 1857 2041 est
1887 2004 1927 2041 in
1959 2003 2108 2040 ratione
2126 1999 2320 2049 duplicata
2351 1998 2502 2037 inversa¹

1459 2059 1556 2097 radii
1591 2059 1627 2097 T
1660 2058 1707 2103 P,
1740 2058 1773 2095 is
1803 2056 1895 2095 vero
1927 2068 2114 2094 numerus
2142 2053 2322 2102 exprimit
2352 2060 2504 2091 motum

1464 2112 1564 2150 Solis
1594 2110 1801 2155 horarium,
1837 2122 1929 2161 ergo
1965 2109 2063 2147 Solis
2081 2116 2210 2144 motus
2229 2106 2414 2152 horarius,
2447 2114 2504 2145 est

1459 2164 1608 2204 inverse
1640 2171 1686 2202 ut
1713 2163 1945 2214 quadratum
1966 2161 2061 2200 radii
2082 2161 2118 2198 T
2142 2161 2199 2207 P;
2230 2158 2319 2197 cum
2353 2172 2444 2210 ergo
2462 2162 2504 2196 in

1459 2216 1642 2257 distantia
1658 2217 1843 2255 mediocri
1861 2224 1918 2254 est
1938 2216 1975 2254 T
1996 2215 2031 2253 P
2048 2230 2105 2251 =
2125 2226 2178 2260 m,
2208 2213 2248 2249 in
2274 2210 2409 2262 quavis
2428 2211 2503 2250 alia

2360 2270 2375 2302 1

1459 2303 1640 2344 distantia
1659 2310 1715 2341 est
1748 2303 1785 2341 T
1807 2303 1842 2341 P
1858 2318 1915 2339 τε.
1941 2315 1983 2339 m
2002 2303 2051 2350 ss
2061 2312 2095 2346 e,
2130 2311 2222 2351 ergo
2241 2307 2298 2336 est
2328 2322 2408 2368 157
2455 2298 2504 2336 ad

1559 2395 1577 2430 1
1931 2401 1950 2426 s
1970 2401 2012 2426 m
2026 2387 2046 2412 2

1460 2457 1677 2510 (msse)²
1700 2421 1850 2461 ”md
1881 2455 2095 2507 (ruff->²

1458 2519 1544 2550 tum
1564 2510 1758 2549 horarium
1781 2506 1881 2545 Solis
1899 2507 1940 2545 in
1959 2505 2094 2558 quavis
2112 2503 2293 2545 distantia
2315 2505 2351 2542 T
2372 2505 2419 2542 P.

1515 2565 1567 2603 In
1586 2559 1767 2602 distantia
1784 2560 1970 2598 mediocri
1989 2561 2179 2599 evanescit
2197 2559 2389 2636 quaptitas
2419 2560 2468 2607 ss
2483 2572 2504 2596 e

2217 2625 2258 2649 m
2311 2625 2329 2649 s

2235 2680 2310 2716 m2

2111 2419 2216 2471 quod
2228 2418 2408 2467 exprimit
2419 2431 2502 2455 mo-

1459 2649 1625 2702 ide6que
1643 2656 1772 2687 motus
1789 2647 1964 2685 horarius
1981 2646 2061 2685 illic
2075 2646 2200 2685 evadit
2340 2661 2397 2681 =
2413 2658 2431 2683 s
2444 2658 2502 2682 se-

1460 2737 1633 2776 cundum
1652 2734 1906 2785 hypothesim.

1514 2791 1574 2829 20.
1630 2789 1763 2827 Posito
1784 2788 1940 2825 Lunam
1959 2798 2110 2834 semper
2140 2784 2284 2823 moveri
2303 2792 2412 2822 motu
2433 2796 2504 2821 suo

1457 2844 1609 2882 horario
1637 2840 1835 2886 mediocri,
1870 2839 1937 2889 qui
1969 2839 2119 2877 dicatur
2149 2839 2177 2885 l,
2209 2839 2330 2888 sitque
2362 2850 2388 2885 p
2420 2840 2504 2887 ejus

1457 2906 1611 2946 tempus
1625 2894 1865 2944 periodicum
1878 2893 1978 2930 inter
1992 2893 2098 2937 fixas,
2116 2890 2268 2929 duratio
2283 2891 2424 2928 mensis
2442 2903 2503 2939 sy-

1459 2950 1588 2989 nodici
1598 2948 1733 3000 quovis
1751 2948 1793 2984 in
1810 2947 1897 2984 loco
1910 2946 2042 2984 orbitae
2060 2945 2231 2983 Telluris
2245 2944 2345 2981 circa
2359 2944 2500 2987 Solem,

2114 3028 2154 3052 m
2173 3015 2224 3061 ὲ.
2235 3012 2266 3059 el
2283 3013 2302 3034 ²
2326 3017 2366 3057 ><
2386 3011 2401 3048 l
2420 3023 2447 3058 P

1458 3057 1694 3107 exprimetur
1712 3066 1780 3103 per
1798 3053 2051 3105 quantitatem
2064 3061 2506 3137 {W

2348 3137 2422 3239 ἐξ
2438 3171 2505 3208 fiet

1461 3177 1540 3216 sive
1551 3172 1673 3213 divisa
1690 3171 1764 3213 hac
1774 3173 1986 3224 quantitate
2005 3183 2072 3220 per
2090 3178 2330 3209 constantem

2025 3269 2212 3314 msse12

2199 3333 2297 3368 21e
2393 3325 2500 3369 e‘ll'

1938 3363 2167 3412 ¹···⁵ss
2212 3364 2372 3434 ’ΠΤ-Ι·
2410 3385 2487 3434 5⁷2

1461 3458 1567 3496 Nam
1600 3455 1750 3494 dicatur
1783 3466 1808 3491 x
1841 3464 2029 3490 numerus
2060 3450 2254 3501 graduum
2287 3462 2402 3500 quem
2439 3452 2506 3488 Sol

1459 3510 1638 3548 emetitur
1657 3509 1820 3546 durante
1838 3504 1973 3556 quovis
1991 3517 2124 3541 mense
2144 3503 2336 3553 synodico,
2368 3515 2505 3541 nume-

1459 3576 1526 3601 rus
1544 3561 1739 3614 graduum
1771 3573 1888 3610 quem
1911 3560 2028 3597 Luna
2046 3557 2182 3595 eodem
2214 3565 2384 3604 tempore
2402 3569 2506 3594 eme.

1459 3617 1588 3661 tietur,
1622 3615 1695 3653 erit
1723 3617 1804 3653 560
1824 3613 1878 3665 -l-
1901 3624 1939 3659 x,
1973 3612 2045 3649 erit
2063 3623 2155 3661 ergo
2187 3615 2315 3646 motus
2333 3609 2508 3648 horarius

2294 3673 2333 3698 m
2352 3660 2407 3718 {s
2490 3702 2507 3734 t

2257 3747 2298 3772 m
2316 3736 2366 3784 ,ᾖ
2383 3733 2415 3785 e}
2429 3736 2446 3757 ²
2461 3708 2486 3733 u

1463 3800 1542 3835 360
1562 3795 1616 3848 4·
1638 3806 1665 3832 x
1684 3792 1734 3832 ad
1752 3804 1791 3842 x,
1811 3799 1851 3832 et
1868 3790 2076 3831 dividendo
2087 3788 2165 3845 m}
2183 3799 2198 3827 i
2214 3788 2265 3837 ,ᾖ
2284 3793 2309 3826 2
2323 3800 2361 3824 m
2377 3801 2399 3827 e
2417 3788 2431 3825 l
2452 3789 2505 3839 -Ι-

1456 3294 1600 3336 mensis
1617 3293 1826 3345 synodicus
1856 3299 1901 3331 ut

1462 3703 1590 3742 Lunae
1617 3702 1632 3739 l
1659 3700 1709 3739 ad
1735 3707 1888 3739 motum
1914 3697 2111 3737 horarium
2139 3693 2237 3733 Solis
