2540 4296
207 449 274 496 24
673 444 1231 499 PHILOSOPHIAE
1274 447 1719 499 NATURALIS
1793 450 1910 513 [DE
1939 451 2139 503 Mum).
2172 453 2318 506 SYs‘r.

204 587 342 637 niam
366 589 441 639 vis
467 587 565 657 qua
593 587 860 638 dimidium
884 586 1086 638 lineolae
1125 587 1171 638 L
1201 588 1265 639 M
1300 599 1590 659 generatur,
1620 592 1661 641 si
1687 601 1795 643 tota
1820 592 1972 644 simul
1997 604 2049 646 et
2074 596 2230 646 semel
2267 596 2323 647 in

207 677 319 728 loco
345 679 390 729 P
413 680 660 746 impressa
684 687 831 740 esset,
860 687 1129 748 generaret
1153 678 1339 729 lineam
1365 679 1505 736 illam
1530 691 1720 742 totam3
1767 690 1818 732 et
1842 683 2063 736 efficeret
2086 695 2143 737 ut
2170 686 2322 738 Luna

201 779 494 821 moveretur
534 769 587 818 in
626 787 764 829 arcu,
812 769 954 836 cujus
998 768 1191 819 chorda

201 869 334 911 esset
378 858 425 908 L
453 858 513 919 P,
557 866 708 926 atque
746 857 862 908 ideo
902 858 1198 910 transferret

203 952 409 1003 Lunam
457 948 522 999 de
570 948 727 1017 plano
770 947 836 1000 M
877 949 922 1000 P
960 968 1012 999 m
1051 950 1102 1001 T
1137 951 1191 1001 in

199 1043 413 1111 planum
439 1040 486 1092 L
515 1040 559 1091 P
583 1039 602 1089 1
629 1040 707 1100 Τ;
735 1049 904 1090 motus
932 1039 1189 1109 angularis

198 1131 454 1182 nodorum
479 1148 510 1179 a
533 1129 584 1179 vi
607 1127 692 1179 illa
720 1129 940 1199 genitus,
978 1129 1191 1199 aequalis

199 1223 295 1275 erit
320 1219 510 1290 angulo
535 1237 587 1268 m
604 1218 655 1270 T
673 1219 707 1269 l.
783 1218 880 1269 Est
904 1228 1073 1269 autem
1098 1218 1188 1268 ml

199 1312 265 1364 ad
289 1330 343 1361 m
371 1310 416 1362 P
440 1320 498 1360 ut
523 1308 588 1361 M
615 1308 663 1360 L
689 1308 754 1359 ad
782 1308 845 1359 M
874 1308 933 1369 Ρ,
970 1307 1189 1376 ideoque

198 1400 316 1452 clim
354 1399 419 1452 M
446 1399 490 1450 P
527 1399 593 1449 ob
630 1398 805 1448 datum
839 1408 1041 1465 tempus
1068 1397 1188 1447 data

199 1493 278 1554 sit,
319 1500 396 1541 est
429 1488 523 1539 ml
561 1498 619 1538 ut
653 1486 1010 1556 rectangulum
1049 1485 1112 1536 M
1139 1485 1187 1536 L

212 1588 254 1629 ><
285 1595 339 1626 m
367 1575 427 1636 P,
455 1573 509 1624 id
535 1582 625 1634 est,
668 1571 720 1639 (¹)
748 1582 805 1622 ut
830 1569 1185 1640 rectangulum

194 1667 222 1718 I
251 1665 303 1717 T
337 1675 379 1717 Χ
409 1682 462 1713 m
490 1663 550 1713 P.
628 1660 697 1711 Et
733 1659 950 1729 angulus
987 1677 1039 1708 m
1067 1658 1117 1708 T
1141 1658 1176 1720 l,

195 1753 257 1824 (k)
297 1755 338 1804 si
375 1751 531 1804 modo
557 1749 773 1820 angulus
801 1749 852 1799 T
887 1767 940 1798 m
968 1746 987 1796 l
1012 1756 1181 1798 rectus

194 1878 272 1940 sit,
326 1884 402 1926 est
443 1882 500 1923 ut
540 1838 691 1974 ,ῙῩῃ-ἐ-ι,
731 1878 783 1919 et
815 1882 1088 1936 propterea
1124 1877 1182 1917 ut

193 2003 220 2055 Ῑ
247 1999 545 2133 TTXmP-m,
591 2027 645 2078 id
669 2035 747 2078 est
790 2025 879 2093 (ob
915 2023 1325 2092 proportionales
1354 2023 1405 2076 T
1429 2040 1482 2074 m
1521 2031 1573 2073 et
1610 2039 1664 2072 m
1692 2020 1753 2084 P,
1801 2020 1851 2072 Τ
1882 2021 1926 2072 Ρ
1966 2029 2018 2072 et
2058 2021 2104 2074 P
2131 2021 2212 2088 H)
2257 2036 2316 2074 ut

191 2170 558 2305 ῙΣΙὲ-ΙῩΡΞ,
598 2200 816 2269 ideoque
840 2200 908 2250 ob
933 2156 1105 2249 datam
1132 2198 1183 2249 T
1212 2198 1271 2260 Ρ,
1310 2207 1367 2249 ut
1405 2197 1430 2248 I
1458 2196 1509 2247 T
1536 2207 1578 2248 Χ
1614 2195 1659 2247 Ρ
1686 2195 1762 2247 Η.
1839 2194 1999 2256 Quod
2026 2197 2068 2246 si
2093 2197 2314 2269 angulus

190 2347 242 2397 T
266 2365 319 2395 m
344 2346 378 2408 l,
426 2363 517 2396 seu
563 2345 599 2396 S
626 2344 677 2394 T
704 2343 757 2394 N
798 2343 1034 2412 obliquus
1062 2343 1141 2404 sit,
1189 2340 1241 2409 (¹)
1271 2341 1367 2394 erit
1392 2340 1610 2411 angulus
1635 2359 1688 2390 m
1716 2340 1766 2391 T
1789 2340 1808 2390 l
1833 2331 2004 2392 adhuc
2028 2342 2213 2405 minor,
2260 2343 2313 2392 in

186 2437 385 2487 ratione
412 2436 550 2486 sinus
577 2434 752 2505 anguli
794 2435 832 2486 S
859 2435 909 2485 T
936 2434 988 2484 N
1028 2433 1093 2483 ad
1136 2432 1354 2494 radium,
1400 2450 1489 2482 seu
1533 2432 1583 2482 A
1612 2431 1653 2482 Z
1698 2431 1763 2481 ad
1802 2431 1852 2481 A
1880 2431 1945 2482 T.
2024 2431 2119 2482 Est
2156 2433 2314 2503 igitur

185 2527 427 2578 velocitas
454 2526 712 2577 nodorum
737 2534 794 2575 ut
821 2525 846 2574 I
873 2524 924 2574 T
956 2535 995 2575 ><
1028 2524 1072 2574 P
1102 2523 1162 2574 H
1194 2533 1235 2574 ><
1269 2523 1320 2573 A
1348 2522 1405 2584 Z,
1437 2521 1541 2572 sive
1566 2532 1623 2573 ut
1649 2531 1947 2578 contentum
1975 2523 2071 2574 sub
2098 2524 2311 2574 sinubus

186 2617 344 2669 trium
370 2615 679 2686 angulorum
706 2613 757 2664 T
784 2613 828 2664 P
855 2610 899 2675 I,
931 2612 976 2663 P
1002 2612 1053 2663 T
1079 2612 1132 2663 N
1158 2621 1207 2662 et
1236 2612 1273 2663 S
1298 2611 1349 2663 T
1376 2611 1444 2661 N.

264 2707 320 2760 Si
363 2705 540 2777 anguli
582 2704 671 2765 illi,
713 2703 863 2754 nodis
900 2702 955 2752 in
993 2699 1316 2771 quadraturis
1361 2709 1412 2750 et
1455 2699 1606 2752 Luna
1632 2700 1685 2750 in
1712 2700 1916 2772 syzygia
1956 2701 2308 2766 existentibus,

186 2796 313 2848 recti
340 2795 456 2856 sint,
485 2793 671 2844 lineola
697 2810 751 2841 m
775 2792 793 2841 l
819 2790 980 2842 abibit
1002 2791 1057 2840 in
1081 2790 1356 2852 infinitum,
1393 2799 1444 2840 et
1469 2789 1687 2860 angulus
1711 2809 1765 2841 m
1793 2791 1845 2842 T
1867 2791 1887 2841 l
1912 2791 2095 2845 evadet
2119 2791 2310 2864 angulo

241 2954 291 3005 (ἰ)
332 2958 352 2978 ²*
384 2957 434 2993 Ut
465 2954 729 3001 rectangulum
762 2954 789 2990 Ι
812 2953 848 2989 Τ
866 2955 907 2997 ><
929 2964 970 2988 m
990 2953 1037 2988 P.
1098 2949 1221 2987 Linea
1278 2951 1313 2988 T
1328 2949 1341 2986 l
1356 2949 1486 2987 eadem
1503 2962 1651 2998 semper
1664 2963 1818 2988 manere
1833 2958 2009 2990 censetur
2019 2953 2310 3005 qualiscumque

188 3008 235 3045 M
265 3008 301 3045 L
331 3014 388 3044 est
419 3006 583 3054 duplum
616 3005 686 3041 viae
716 3017 802 3054 quae
834 3003 922 3040 dato
954 3010 1124 3051 tempore
1155 3015 1222 3050 per

185 3060 375 3098 actionem
404 3064 430 3096 5
453 3060 472 3096 1
497 3059 533 3096 T
565 3058 809 3106 percurritur,
829 3057 886 3093 vis
903 3055 970 3092 illa
989 3061 1012 3093 3
1037 3057 1053 3092 1
1078 3056 1113 3092 T
1133 3056 1222 3092 dato

185 3114 253 3150 ino
283 3121 455 3161 tempore
473 3111 677 3148 uniformis
703 3122 857 3147 manere
875 3116 1061 3154 censetur,
1095 3108 1222 3158 itaque

184 3166 225 3203 in
253 3166 408 3203 diversis
425 3163 578 3214 punctis
609 3163 656 3209 P,
684 3163 755 3200 viae
774 3162 909 3200 eodem
935 3162 1024 3199 dato
1050 3169 1222 3210 tempore

185 3231 253 3267 per
270 3219 437 3256 actiones
466 3223 490 3255 3
513 3217 533 3254 I
557 3217 593 3254 T
623 3229 814 3264 percursa·
832 3222 921 3252 sunt
949 3223 995 3252 ut
1021 3214 1098 3251 illae
1126 3215 1222 3252 vires

184 3277 210 3309 5
234 3273 253 3309 1
277 3272 324 3317 Τ,
345 3271 424 3308 sive
444 3278 487 3308 ut
508 3270 529 3307 I
552 3270 600 3316 T,
629 3282 721 3319 ergo
742 3269 784 3306 M
810 3268 847 3305 L
865 3268 948 3319 ejus
966 3267 1037 3304 viae
1055 3267 1220 3316 duplum

184 3333 242 3362 est
255 3326 371 3362 etiam
385 3332 429 3362 ut
445 3324 466 3361 Ι
485 3324 532 3369 Τ,
549 3331 587 3360 et
602 3323 695 3362 ML
707 3325 749 3369 Χ
762 3334 802 3358 m
817 3321 853 3359 P
866 3329 922 3358 est
935 3327 980 3358 ut
997 3320 1110 3366 IT>(
1122 3321 1215 3358 mP.

239 3392 298 3445 (ἱ)
336 3396 357 3416 ’¹‘
393 3395 433 3431 Si
450 3394 555 3430 modo
574 3393 741 3440 angulus
766 3392 803 3429 T
818 3404 856 3428 m
875 3392 889 3427 l
906 3392 952 3427 sit
970 3397 1107 3436 rectus,
1128 3388 1220 3428 cum

183 3447 351 3496 angulus
368 3458 409 3482 m
430 3445 466 3483 T
485 3445 500 3482 l
518 3445 567 3482 sit
584 3442 793 3481 admodum
806 3443 982 3492 exiguus,
1003 3443 1034 3479 si
1052 3443 1221 3492 angulus

187 3501 224 3537 T
242 3512 281 3536 m
301 3499 315 3536 l
342 3499 391 3535 sit
408 3506 547 3543 rectus,
575 3496 749 3545 usurpari
770 3496 906 3544 poterit
923 3503 1026 3533 recta
1051 3508 1091 3532 m
1110 3496 1124 3532 l
1150 3509 1221 3544 pro

182 3565 273 3590 arcu
292 3551 424 3590 circuli
443 3552 554 3602 cujus
571 3549 700 3588 radius
717 3556 772 3587 est
802 3550 838 3587 T
855 3561 894 3585 m
921 3546 1086 3599 ideoque
1106 3550 1214 3602 (154.

183 3637 273 3675 Lib.
300 3636 358 3687 Ι.)
379 3636 547 3687 angulus
563 3648 605 3673 m
627 3635 663 3673 T
682 3635 706 3680 l,
728 3643 785 3674 est
802 3642 848 3673 ut
867 3600 952 3664 Β]

868 3669 903 3706 Τ
921 3660 973 3704 ιη’

237 3746 285 3798 (¹)
322 3749 343 3771 ²*
376 3749 467 3786 Erit
495 3748 661 3797 angulus
689 3760 730 3785 m
755 3748 832 3792 TI,
865 3747 908 3783 in
940 3747 1085 3784 ratione
1113 3747 1218 3785 sinus

182 3802 317 3849 anguli
351 3803 378 3838 S
400 3802 501 3839 TN
524 3804 574 3837 ad
602 3800 774 3840 radium
790 3799 831 3835 in
860 3798 1056 3849 triangulo
1076 3800 1113 3838 T
1130 3798 1216 3844 ml,

180 3861 238 3889 est
270 3854 375 3890 sinus
396 3852 528 3902 auguli
558 3866 597 3889 m
620 3850 689 3889 TI
716 3852 764 3889 ad
792 3851 920 3889 sinum
938 3851 1073 3902 anguli
1095 3853 1131 3891 T
1148 3865 1188 3889 m
1207 3851 1222 3889 1

183 3913 228 3943 ut
245 3905 346 3943 latus
364 3918 404 3942 m
423 3906 436 3943 l
455 3905 505 3943 ad
522 3905 623 3943 latus
645 3906 681 3943 T
699 3905 714 3943 1
730 3920 741 3951 ;
771 3904 837 3942 sed
856 3911 1011 3953 propter
1028 3905 1217 3956 exiguita-

180 3965 258 3999 tem
277 3958 406 4000 lateris
422 3971 464 3997 m
481 3958 496 3996 l
513 3965 686 4008 respectu
706 3957 834 3996 lateris
854 3958 890 3997 T
907 3957 935 4005 l,
963 3956 1061 3996 ratio
1078 3971 1119 3996 m
1135 3958 1149 3996 l
1167 3957 1218 3997 ad

1275 3003 1323 3040 sit
1336 3003 1503 3052 angulus
1524 3004 1559 3040 T
1570 3015 1609 3039 m
1625 3003 1649 3045 l,
1671 3005 1915 3042 manentibus
1928 3005 2038 3043 lineis
2056 3019 2096 3043 m
2111 3007 2124 3043 l
2144 3014 2183 3044 et
2199 3008 2307 3055 Tm3

1275 3056 1315 3092 in
1334 3056 1479 3105 angulo
1497 3057 1599 3093 enim
1613 3056 1784 3094 maximo
1795 3058 1897 3095 linea
1918 3058 1983 3096 Tl
2001 3059 2127 3097 evadit
2149 3061 2235 3098 Tm
2251 3061 2306 3113 -1-

1275 3122 1316 3145 m
1335 3109 1361 3155 Ι,
1381 3109 1421 3144 in
1439 3109 1601 3146 minimo
1622 3110 1659 3147 T
1678 3122 1716 3146 m
1735 3131 1789 3140 -
1807 3123 1846 3147 m
1866 3110 1891 3156 l,
1913 3119 1968 3148 est
1986 3111 2076 3149 vero
2093 3125 2133 3149 m
2152 3113 2167 3149 l
2186 3126 2309 3163 quan-

1275 3163 1363 3200 titas
1382 3174 1608 3201 evanescens
1626 3171 1798 3211 respectu
1821 3164 1856 3201 T
1874 3177 1927 3210 m,
1955 3164 2046 3202 hinc
2063 3165 2167 3203 illius
2185 3166 2310 3204 incre-

1274 3215 1393 3252 menti
1406 3222 1474 3252 aut
1488 3214 1718 3253 decrementi
1732 3228 1772 3252 m
1787 3216 1801 3253 l
1815 3216 1910 3254 ratio
1924 3217 2033 3255 nulla
2046 3226 2102 3256 est
2116 3219 2305 3257 habenda.

1277 3268 1415 3317 Itaque
1433 3277 1613 3306 manente
1631 3269 1842 3318 quantitate
1860 3282 1900 3306 m
1919 3270 1933 3307 l
1951 3270 2242 3322 qualiscumque
2261 3273 2309 3310 sit

1274 3320 1442 3371 angulus
1463 3322 1499 3359 T
1517 3334 1555 3360 m
1575 3322 1602 3368 l,
1630 3322 1727 3359 ratio
1745 3335 1784 3358 m
1804 3321 1818 3359 l
1836 3322 1885 3360 ad
1907 3323 1943 3360 T
1961 3323 1975 3360 l
1993 3323 2127 3361 eadem
2147 3332 2216 3370 est,
2235 3325 2308 3363 ita-

1274 3387 1349 3425 que
1381 3374 1495 3411 etiam
1527 3382 1658 3412 manet
1675 3376 1771 3413 ratio
1799 3375 1905 3413 sinus
1933 3376 2068 3427 anguli
2099 3390 2141 3414 m
2162 3378 2231 3416 Tl
2259 3377 2308 3416 ad

1273 3427 1401 3464 sinum
1433 3428 1567 3478 anguli
1603 3429 1638 3466 T
1665 3441 1704 3465 m
1733 3428 1758 3474 l,
1787 3428 1865 3465 sive
1894 3429 2021 3475 etiam,
2053 3429 2145 3468 cum
2173 3431 2308 3482 anguh

1272 3480 1424 3517 minimi
1456 3481 1532 3518 sint
1564 3490 1608 3518 ut
1635 3494 1767 3519 eorum
1788 3481 1905 3526 sinus,
1941 3483 2075 3532 anguli
2104 3496 2144 3520 m
2167 3485 2204 3522 T
2223 3483 2235 3521 l
2266 3484 2308 3520 in

1273 3533 1375 3570 varia
1395 3532 1642 3582 inclinatione
1662 3535 1775 3571 lineae
1792 3534 1891 3571 datae
1912 3547 1953 3571 m
1971 3536 1986 3572 l
2012 3536 2062 3574 ad
2079 3536 2222 3576 lineam
2240 3537 2309 3575 da-

1273 3593 1352 3623 tam
1371 3586 1405 3623 T
1419 3599 1458 3622 m
1474 3595 1564 3624 sunt
1578 3587 1676 3624 inter
1694 3600 1733 3625 se
1752 3595 1796 3625 ut
1810 3588 1917 3625 sinus
1928 3589 2161 3638 angulorum
2179 3590 2266 3627 Tm
2280 3590 2307 3636 l,

1273 3646 1328 3676 est
1347 3651 1438 3689 ergo
1455 3640 1624 3689 angulus
1650 3653 1692 3677 m
1714 3641 1750 3678 T
1767 3640 1793 3686 l,
1821 3641 1861 3677 in
1889 3639 2023 3690 quavis
2040 3642 2310 3693 magnitudine

1273 3692 1407 3742 anguli
1440 3692 1476 3729 T
1494 3705 1533 3729 m
1553 3693 1565 3730 l
1594 3693 1643 3731 ad
1662 3706 1753 3731 eum
1772 3693 1962 3744 angulum
1994 3707 2034 3731 m
2057 3695 2125 3732 Tl
2153 3695 2308 3744 quando

1271 3745 1441 3795 angulus
1461 3745 1497 3783 T
1515 3758 1556 3782 m
1575 3745 1586 3782 l
1620 3754 1678 3784 est
1694 3754 1821 3784 rectus
1839 3754 1884 3784 ut
1903 3747 2009 3784 sinus
2026 3747 2159 3797 anguli
2181 3749 2217 3786 T
2235 3760 2277 3783 m

1275 3799 1366 3849 (vel,
1395 3807 1441 3835 ut
1458 3798 1566 3836 sinus
1585 3800 1719 3849 anguli
1755 3800 1775 3837 I
1799 3800 1835 3838 T
1853 3813 1880 3836 n
1911 3800 1982 3848 ipsi
2002 3800 2156 3849 aequalis
2174 3802 2223 3837 ob
2241 3813 2308 3848 pa-

1274 3850 1423 3889 rallelas
1445 3852 1471 3889 S
1488 3852 1535 3895 T,
1557 3864 1595 3888 m
1617 3852 1649 3901 l)
1662 3852 1718 3890 «ad
1737 3853 1865 3890 sinum
1885 3852 2019 3902 anguli
2038 3853 2142 3898 recti,
2162 3854 2235 3891 hoc
2254 3860 2309 3891 est

1274 3912 1320 3941 ut
1350 3905 1457 3943 sinus
1468 3904 1609 3955 anguli
1641 3907 1668 3945 S
1690 3906 1725 3943 T
1747 3906 1787 3943 N
1819 3905 1886 3956 qui
1917 3904 2019 3942 idem
2038 3914 2095 3944 est
2113 3918 2201 3943 cum
2222 3905 2315 3947 sinuv

1275 3957 1410 4009 anguli
1429 3958 1456 3995 S
1478 3957 1515 3996 T
1533 3969 1560 3994 n
1579 3957 1629 3996 ad
1646 3957 1811 3997 radium·
1871 3959 1922 4003 Q.
1941 3969 1974 3996 e.
1990 3969 2028 3998 o.
