2540 4296
92 314 276 366 LIBER
303 311 602 377 TERTIUS]
682 310 1088 364 PRINCIPIA
1127 312 1746 368 MATHEMATICA.
2175 328 2242 373 33

163 460 301 511 Nam
340 457 383 509 si
423 457 468 508 P
497 457 540 508 F
579 464 758 526 tangat
784 455 1038 505 circulum
1062 456 1118 506 in
1146 455 1207 516 P,
1235 465 1287 506 et
1311 456 1568 523 producta
1593 469 1832 510 occurrat
1859 459 1911 511 T
1938 461 1992 512 N
2028 461 2082 511 in
2122 464 2166 515 F
2192 475 2244 516 et

87 568 123 618 Ρ
148 550 177 601 f
199 560 379 620 tangat
405 549 608 617 ellipsin
632 548 686 597 in
710 565 746 615 p
773 555 825 597 et
848 546 1106 614 producta
1131 557 1369 597 occurrat
1393 548 1563 599 eidem
1589 549 1642 600 T
1670 550 1722 600 N
1747 549 1801 599 in
1827 550 1860 612 f,
1904 550 1960 619 (t)
2000 557 2241 606 conveni-

87 650 177 691 ant
201 650 374 691 autem
399 640 483 690 hae
508 646 777 708 tangentes
804 637 857 687 in
885 656 983 688 axe
1028 638 1079 689 T
1108 637 1161 699 Q
1204 637 1270 688 ad
1315 637 1367 688 Y
1383 658 1397 699 3
1438 648 1489 690 et
1514 640 1556 690 si
1584 640 1649 693 M
1676 641 1725 692 L
1751 641 1990 713 designet
2016 646 2240 712 spatium

86 730 227 800 quod
248 729 402 781 Luna
424 729 478 778 in
505 726 697 778 circulo
717 725 1005 788 revolvens,
1028 726 1226 777 interea
1241 726 1368 777 dum
1386 727 1632 780 describit
1650 748 1830 781 arcum
1852 731 1897 782 P
1919 731 1999 795 M,
2020 746 2238 804 urgente

86 830 138 872 et
176 820 470 889 impellente
495 818 546 869 vi
570 816 820 886 praedicta
868 826 897 869 3
928 818 954 869 Ι
983 818 1050 880 Τ,
1099 836 1189 869 seu
1229 826 1258 869 3
1290 818 1334 870 P
1363 818 1415 870 K
1453 830 1599 871 motu
1624 829 1918 875 transverso
1946 825 2239 879 describere

82 918 274 978 posset,
321 917 373 959 et
413 925 467 957 m
509 906 529 956 l
573 906 810 977 designet
836 906 1059 974 spatium
1086 906 1227 975 quod
1254 907 1407 958 Luna
1447 908 1502 958 in
1545 909 1713 978 ellipsi
1738 913 2009 965 revolvens
2048 916 2237 968 eodem

82 1009 330 1065 tempore,
358 1006 577 1067 urgente
603 996 756 1046 etiam
781 995 832 1046 vi
859 1003 888 1046 3
919 995 945 1046 Ι
973 995 1023 1046 Τ
1050 1013 1140 1046 seu
1160 987 1198 1046 '3
1225 1013 1260 1063 Ρ
1291 995 1360 1058 Κ,
1402 996 1696 1050 describere
1720 1011 1910 1068 posset,
1953 1013 2004 1054 et
2040 1006 2236 1072 produ-

83 1098 265 1140 cantur
290 1087 338 1138 L
363 1086 408 1138 P
434 1095 485 1137 et
509 1085 587 1159 lp
614 1084 781 1138 donec
807 1093 1083 1135 occurrant
1100 1084 1259 1152 plano
1279 1084 1530 1153 eclipticae
1555 1086 1610 1136 in
1638 1086 1693 1139 G
1719 1097 1769 1138 et
1792 1108 1849 1159 g;
1878 1099 1929 1141 et
1945 1092 2236 1163 jungantur

84 1180 128 1231 F
155 1179 207 1231 G
247 1188 298 1230 et
339 1177 368 1228 f
383 1197 433 1249 g,
481 1195 701 1247 quarum
731 1176 776 1228 F
804 1175 858 1228 G
881 1175 1138 1244 producta
1164 1186 1300 1227 secet
1339 1195 1375 1244 p
1401 1176 1436 1239 f,
1486 1196 1520 1247 p
1546 1198 1581 1249 g
1624 1188 1676 1230 et
1703 1180 1754 1232 T
1782 1181 1836 1242 Q
1875 1182 1929 1232 in
1957 1202 2000 1246 c,
2047 1204 2076 1236 e
2103 1196 2154 1236 et
2183 1187 2233 1238 R

78 1265 380 1336 respective,
409 1276 460 1318 et
485 1266 563 1337 fg
586 1264 842 1334 producta
867 1274 1003 1315 secet
1029 1264 1081 1316 T
1103 1264 1156 1325 Q
1182 1264 1236 1314 in
1262 1282 1303 1316 r.
1370 1265 1635 1326 Quoniam
1661 1268 1736 1318 vis
1767 1277 1795 1320 3
1818 1269 1843 1319 Ι
1863 1270 1915 1322 Τ
1940 1290 2029 1323 seu
2055 1282 2085 1324 3
2111 1274 2155 1325 P
2178 1274 2232 1327 K

77 1357 133 1407 in
157 1356 351 1435 circulo
376 1365 454 1407 est
477 1355 544 1405 ad
567 1354 668 1404 vim
700 1361 729 1405 3
759 1354 786 1405 Ι
804 1352 855 1404 Τ
881 1372 972 1404 seu
1001 1361 1029 1405 3
1056 1372 1091 1422 p
1122 1352 1175 1405 K
1201 1354 1255 1404 in
1281 1353 1466 1423 ellipsi,
1495 1365 1552 1406 ut
1581 1356 1625 1408 P
1656 1357 1709 1408 K
1737 1358 1802 1409 ad
1827 1378 1863 1427 p
1894 1359 1962 1423 K,
1993 1379 2084 1412 seu
2110 1363 2162 1413 A
2180 1363 2232 1415 T

77 1446 144 1497 ad
169 1465 201 1497 a
228 1446 311 1508 T3
350 1445 448 1497 erit
472 1444 696 1512 spatium
723 1441 789 1495 M
816 1442 864 1494 L
903 1443 954 1493 vi
989 1443 1166 1511 priore
1191 1443 1443 1514 genitum,
1474 1445 1541 1496 ad
1568 1446 1868 1514 spatium.m
1895 1449 1913 1500 l
1939 1450 1990 1500 vi
2014 1453 2231 1518 posteri-

12 1558 15 1561 ·
76 1561 166 1593 ore
203 1541 454 1613 genitum,
500 1548 559 1591 ut
603 1539 649 1590 P
677 1538 730 1589 K
771 1537 839 1589 ad
882 1556 917 1606 p
948 1536 1017 1599 Κ,
1065 1535 1120 1587 id
1165 1547 1257 1600 est,
1306 1538 1374 1589 ob
1413 1537 1603 1589 similes
1630 1539 1825 1610 figuras
1874 1539 1919 1591 P
1945 1540 1997 1591 Y
2025 1541 2078 1592 K
2102 1560 2138 1610 p
2180 1554 2231 1595 et

79 1633 124 1684 F
148 1632 201 1683 Y
229 1632 279 1683 R
306 1650 350 1694 c,
377 1643 436 1681 ut
462 1630 506 1681 F
535 1630 585 1681 R
612 1628 679 1680 ad
706 1647 733 1679 c
763 1629 829 1681 R.
908 1627 1006 1680 Est
1030 1636 1204 1679 autem
1233 1627 1298 1680 M
1325 1628 1373 1680 L
1400 1628 1465 1679 ad
1496 1629 1539 1680 F
1562 1629 1615 1680 G
1643 1629 1732 1698 (ob
1759 1629 1946 1682 similia
1971 1632 2230 1703 triangula

79 1722 124 1775 P
150 1723 199 1775 L
227 1722 307 1784 M,
340 1722 385 1773 P
412 1721 465 1773 G
493 1720 558 1786 F)
586 1730 645 1771 ut
671 1719 715 1771 P
743 1720 791 1771 L
818 1718 885 1771 ἃᾶ
913 1719 958 1771 P
986 1718 1054 1782 G,
1082 1718 1183 1770 hoc
1209 1729 1287 1774 est
1315 1719 1405 1789 (ob
1430 1719 1703 1788 parallelas
1731 1720 1780 1772 L
1818 1723 1870 1782 k,
1901 1722 1946 1774 P
1973 1723 2044 1786 K,
2076 1725 2130 1777 G
2156 1726 2227 1793 L)

75 1823 133 1865 ut
155 1832 191 1882 p
217 1814 236 1864 1
261 1813 328 1865 ἃᾶ
352 1832 387 1882 p
413 1832 459 1875 e,
499 1812 554 1863 id
579 1821 657 1863 est
697 1811 787 1879 (ob
814 1810 1001 1861 similia
1025 1810 1284 1881 triangula
1309 1828 1344 1879 p
1371 1811 1389 1861 l
1414 1830 1484 1874 m,
1514 1829 1541 1861 c
1567 1829 1602 1879 p
1629 1811 1678 1876 e)
1718 1820 1777 1861 ut
1800 1811 1819 1861 l
1845 1830 1895 1862 m
1929 1813 1996 1864 ad
2023 1832 2051 1864 c
2077 1834 2138 1877 e3
2178 1826 2230 1868 et

74 1891 276 1955 inverse
319 1913 378 1954 ut
419 1902 467 1953 L
493 1901 559 1953 M
602 1910 679 1952 est
722 1899 789 1950 ad
832 1899 852 1949 l
876 1918 946 1962 m,
991 1918 1082 1950 seu
1111 1899 1155 1950 F
1184 1899 1234 1950 R
1261 1899 1326 1950 ad
1354 1918 1382 1950 c
1411 1899 1478 1962 R,
1519 1900 1591 1951 ita
1627 1910 1705 1951 est
1735 1900 1779 1951 F
1807 1900 1860 1953 G
1886 1901 1954 1952 ad
1980 1921 2007 1953 c
2035 1922 2078 1955 e.
2158 1905 2229 1957 Et

73 2003 353 2065 propterea
376 1994 418 2044 si
442 1993 470 2043 f
485 2012 522 2063 g
548 2000 682 2044 esset
707 1991 774 2042 ad
800 2009 828 2041 c
855 2009 883 2042 e
907 2000 966 2041 ut
989 1990 1018 2041 f
1032 1991 1084 2042 Y
1111 1990 1177 2042 ad
1203 2009 1231 2042 c
1256 1991 1324 2055 Y,
1353 1991 1408 2043 id
1435 2001 1528 2055 est,
1568 2001 1626 2043 ut
1650 1992 1720 2043 fr
1746 1993 1812 2044 ad
1839 2012 1867 2045 c
1897 1994 1946 2045 R
1984 1995 2105 2063 (hoc
2130 2007 2225 2059 est,

73 2097 133 2138 ut
169 2085 239 2136 fr
275 2084 343 2137 ad
383 2082 1320 2151 FRetFRachconjunctim,
1362 2083 1538 2147 idest,
1573 2084 2227 2139 uthadFTetFG

16 2216 21 2221 .
74 2175 142 2228 ἃᾶ
182 2194 211 2226 c
248 2193 277 2226 e
320 2171 657 2244 conjunctim)
685 2172 931 2246 quoniam
957 2171 1089 2222 ratio
1118 2171 1162 2222 F
1191 2171 1244 2224 G
1282 2171 1347 2226 ad
1388 2191 1415 2223 c
1454 2192 1482 2224 e
1520 2174 1960 2244 utrinque-ablata
1984 2175 2228 2246 relinquit

73 2261 724 2335 rationesfgadFGet
761 2260 1118 2324 fTadFT,
1161 2261 1295 2313 foret
1332 2262 1432 2334 fg
1472 2263 1540 2315 ἃᾶ
1586 2264 1712 2316 FG
1755 2275 1814 2317 ut
1851 2266 2225 2330 fTadFT3

0 2356 7 2364 ’
77 2356 141 2425 (¹¹)
169 2364 323 2424 atque
347 2352 467 2404 ideo
493 2351 685 2423 anguli,
715 2369 845 2420 quos
874 2351 918 2402 F
947 2350 1001 2403 G
1026 2360 1078 2403 et
1101 2350 1130 2401 f
1146 2371 1182 2422 g
1209 2351 1582 2406 subtenderent
1607 2354 1673 2406 ad
1702 2354 1925 2408 Terram
1952 2356 2017 2421 T,
2051 2375 2225 2428 aequa-

588 2440 694 2493 Sed
726 2440 903 2511 anguli
928 2439 1004 2490 illi
1043 2444 1158 2509 (per
1184 2460 1244 2493 ea
1271 2461 1387 2512 quae
1414 2443 1467 2493 in
1493 2444 1823 2512 praecedente
1863 2447 2226 2515 Propositione

76 2532 434 2602 exposuimus)
476 2540 597 2583 sunt
620 2537 791 2581 motus
818 2529 1076 2580 nodorum
1096 2549 1110 2592 3
1150 2549 1255 2600 quo
1294 2541 1528 2601 tempore
1555 2534 1710 2585 Luna
1734 2535 1788 2585 in
1815 2536 2009 2587 circulo
2047 2557 2225 2589 arcum

79 2626 125 2678 P
152 2624 235 2688 M,
280 2624 335 2675 in
362 2623 530 2692 ellipsi
556 2639 734 2673 arcum
771 2639 808 2689 p
848 2639 901 2670 m
941 2622 1230 2688 percurrit:
1279 2632 1330 2673 et
1372 2633 1650 2693 propterea
1674 2635 1845 2678 motus
1872 2626 2133 2678 nodorum
2171 2629 2224 2679 in

77 2712 270 2765 circulo
296 2721 349 2764 et
372 2711 540 2781 ellipsi
565 2720 896 2781 aequarentur
920 2709 1055 2762 inter
1082 2729 1151 2763 se.
1231 2711 1370 2763 Haec
1395 2713 1467 2763 ita
1492 2732 1547 2765 se
1571 2713 1839 2779 haberent,
1869 2716 1912 2766 si
1938 2716 2097 2767 modo
2135 2717 2163 2768 f
2189 2739 2226 2789 g

1654 2824 1683 2857 c
1709 2824 1737 2858 e
1773 2818 1815 2859 ><
1848 2806 1876 2857 f
1891 2807 1943 2859 Y

734 2929 738 2933 .
1751 2909 1780 2942 c
1804 2877 1959 2943 Y—⁶

79 2981 147 3033 ob
173 2978 359 3032 similia
383 2979 641 3051 triangula
665 2979 745 3051 fg
768 2996 821 3047 p,
850 2996 879 3029 c
904 2997 933 3030 e
957 2996 1009 3050 p,
1039 2988 1117 3031 est
1141 2977 1220 3050 fg
1245 2978 1312 3030 ad
1338 2997 1366 3031 c
1392 2999 1420 3031 e
1446 2989 1505 3031 ut
1528 2979 1607 3051 sp
1634 2980 1701 3032 ad
1727 3000 1755 3033 c
1779 2999 1814 3050 p
1834 3001 1848 3043 3
1887 2981 2107 3054 ideoque
2133 2984 2161 3034 f
2186 3005 2224 3056 g

419 3092 447 3124 c
473 3091 501 3123 e
535 3083 578 3124 Χ
605 3071 684 3139 sp

511 3174 540 3206 c
562 3173 598 3223 p
1212 3206 1216 3210 .

78 3245 171 3310 dit,
200 3253 277 3297 est
295 3243 363 3297 ad
381 3243 633 3316 angulum
650 3245 880 3313 priorem
895 3261 1051 3315 quem
1079 3243 1124 3296 F
1146 3243 1200 3296 G
1226 3244 1506 3308 subtendit,
1534 3245 1636 3298 hoc
1656 3254 1748 3310 est,
1778 3257 1948 3299 motus
1964 3248 2222 3303 nodorum

75 2454 255 2495 rentur
279 2443 414 2494 inter
441 2461 510 2493 se.

77 2847 210 2891 esset
235 2837 302 2904 ad
328 2855 356 2889 c
382 2855 410 2888 e
435 2846 494 2889 ut
516 2835 545 2887 f
561 2835 614 2887 Y
638 2834 706 2887 ad
732 2852 760 2886 c
784 2833 853 2898 Y,
881 2834 936 2885 id
962 2844 1054 2898 est,
1084 2834 1126 2886 si
1149 2834 1179 2886 f
1193 2854 1230 2906 g
1255 2836 1468 2906 aequalis
1494 2846 1629 2889 esset
2024 2838 2223 2891 Verum

78 3104 290 3175 aequalis
316 3113 395 3156 est
705 3123 720 3166 ς
761 3102 826 3172 (¹)
855 3112 907 3154 et
930 3110 1208 3172 propterea
1232 3103 1470 3173 anguIUS,
1500 3122 1654 3174 quem
1690 3104 1719 3156 f
1732 3124 1770 3175 g
1807 3105 1984 3157 revera
2012 3107 2222 3160 subten-

134 3369 192 3422 (u)
215 3371 235 3393 ⁹
258 3370 389 3419 Atque
407 3369 486 3407 ideo
512 3368 645 3420 anguli
663 3380 754 3418 quos
773 3368 815 3405 F
837 3367 870 3406 G
897 3372 935 3404 et
947 3367 1020 3418 fg
1037 3368 1123 3404 sub-

79 3425 273 3461 tenderent
287 3424 338 3459 ad
357 3424 517 3460 Terram
535 3423 571 3459 T
586 3427 833 3471 aequarentur
846 3421 945 3457 inter
962 3433 1012 3464 se,
1032 3431 1124 3456 nam

80 3474 172 3513 cum
191 3474 306 3512 lineae
326 3474 359 3512 F
382 3474 421 3512 G
440 3482 479 3512 et
504 3473 527 3511 f
548 3487 575 3524 g
602 3474 679 3511 sint
696 3473 798 3509 inter
815 3485 856 3509 se
873 3470 1067 3519 parallelae
1085 3479 1125 3509 et

79 3527 384 3578 proportionales
401 3525 513 3564 lineis
533 3527 570 3564 Τ
592 3526 637 3572 F,
670 3526 706 3563 T
734 3525 763 3571 f,
795 3531 898 3563 recta
919 3525 955 3562 T
978 3524 1014 3562 G
1035 3537 1124 3574 pro-

1176 3373 1353 3414 respectu
1384 3365 1497 3403 lineae
1532 3366 1569 3405 T
1594 3380 1623 3418 g
1653 3367 1756 3406 linea
1789 3369 1826 3406 T
1844 3382 1872 3419 g
1901 3369 2035 3407 eadem
2067 3383 2223 3410 manere

1178 3419 1368 3457 censenda
1397 3426 1454 3459 est
1471 3419 1512 3456 in
1531 3419 1695 3472 utraque
1721 3423 1994 3472 magnitudine
2011 3423 2125 3460 lineae
2153 3425 2175 3461 s
2194 3437 2223 3474 g

1177 3472 1239 3509 hic
1258 3469 1478 3521 assumpt&
1508 3472 1575 3511 sed
1596 3473 1637 3510 in
1655 3473 1851 3525 triangulo
1878 3482 2043 3525 utroque
2065 3476 2101 3513 T
2132 3477 2154 3514 s
2179 3491 2218 3528 g.

1182 3525 1298 3563 Sinus
1317 3525 1451 3574 anguli
1480 3525 1502 3562 f
1528 3533 1583 3563 est
1602 3526 1651 3564 ad
1670 3526 1812 3564 lineam
1835 3527 1871 3564 T
1889 3540 1928 3577 g,
1963 3538 2008 3565 ut
2026 3528 2135 3567 sinus
2153 3543 2221 3567 an·

81 3581 198 3619 ducta
215 3580 391 3619 transibit
409 3579 524 3617 etiam
541 3591 610 3628 per
628 3591 667 3629 g,
688 3575 853 3627 ideoque
871 3589 939 3625 per
957 3576 1127 3614 eundem

81 3634 273 3696 angulum
284 3633 518 3692 §ridebuntur
529 3631 643 3670 lineae
661 3630 737 3669 FG
750 3638 788 3669 et
798 3630 820 3667 f
832 3643 860 3681 g
874 3643 922 3668 ex
936 3629 1057 3668 Terrfi
1072 3631 1121 3668 T.

137 3739 198 3792 (¹)
233 3743 255 3766 '¹‘
277 3742 334 3780 Et
347 3747 545 3790 propterea
563 3738 727 3788 ang1dus
745 3748 858 3787 quem
873 3736 921 3787 f
941 3749 967 3785 g
994 3733 1121 3775 revera

82 3794 271 3833 subtendit
288 3801 339 3832 est
359 3796 409 3831 ad
426 3793 617 3841 angulum
630 3792 797 3840 priorem
822 3795 868 3827 ut
884 3791 965 3827 lzaec
976 3790 1048 3841 fg
1074 3791 1126 3827 ad

77 3848 245 3895 priorem
256 3847 297 3902 s
312 3860 352 3897 g.
414 3843 517 3884 Ciun
535 3843 639 3881 enim
658 3842 761 3880 linea
786 3841 807 3879 f
831 3854 859 3892 g
885 3841 933 3880 ait
951 3840 1125 3888 minima,

1179 3577 1264 3628 guli
1295 3578 1318 3614 f
1344 3577 1381 3615 T
1412 3591 1440 3628 g
1471 3578 1518 3615 ad
1548 3578 1690 3616 lineam
1719 3579 1741 3615 f
1766 3592 1817 3629 g;
1846 3592 1940 3630 ergo
1958 3579 2050 3618 cum
2069 3590 2225 3621 maneat

1179 3630 1349 3681 angulus
1367 3631 1394 3674 f,
1416 3638 1454 3667 et
1472 3631 1575 3668 linea
1596 3632 1632 3669 T
1650 3644 1688 3682 g,
1709 3633 1806 3669 ratio
1824 3633 1932 3670 sinus
1951 3635 2084 3684 anguli
2105 3636 2126 3671 f
2142 3637 2178 3674 T
2198 3650 2224 3667 τ’·

1180 3682 1229 3721 ad
1248 3683 1391 3720 lineam
1410 3683 1432 3720 f
1454 3696 1482 3733 g
1500 3683 1572 3720 erit
1590 3685 1690 3728 data,
1711 3684 1789 3722 sive
1806 3685 1898 3735 quia
1917 3687 2052 3737 anguli
2070 3668 2223 3726 minim‘i

1178 3742 1269 3773 sunt
1287 3744 1333 3773 ut
1350 3735 1410 3773 sui
1429 3736 1536 3773 sinus
1570 3736 1642 3774 erit
1660 3737 1828 3787 angulus
1846 3751 1963 3788 quem
1991 3739 2015 3776 f
2037 3753 2065 3791 g
2090 3740 2223 3785 reversi

1178 3788 1375 3826 subtendit
1392 3788 1440 3826 ad
1460 3763 1650 3839 anffilum
1669 3802 1785 3839 quem
1805 3790 1893 3829 ficta
1920 3791 1944 3830 f
1963 3806 1993 3845 g
2019 3794 2226 3835 subtende-

1180 3842 1257 3888 bat,
1276 3849 1322 3880 ut
1339 3853 1428 3880 vera
1444 3842 1505 3893 fg
1522 3841 1572 3880 ad
1590 3841 1720 3880 fictam
1738 3845 1760 3881 f
1771 3857 1808 3895 g.

1115 3911 1192 3951 C‘}
