<?xml version="1.0" encoding="UTF-8"?>
<!DOCTYPE html PUBLIC "-//W3C//DTD XHTML 1.0 Transitional//EN"
    "http://www.w3.org/TR/xhtml1/DTD/xhtml1-transitional.dtd">
<html xmlns="http://www.w3.org/1999/xhtml" xml:lang="en" lang="en">
 <head>
  <title>
</title>
<meta http-equiv="Content-Type" content="text/html;charset=utf-8" />
  <meta name='ocr-system' content='tesseract 3.04.00' />
  <meta name='ocr-capabilities' content='ocr_page ocr_carea ocr_par ocr_line ocrx_word'/>
</head>
<body>
  <div class='ocr_page' id='page_1' title='image "./philonatrualprin04newtrich_0167.png"; bbox 0 0 2540 4296; ppageno 0'>
   <div class='ocr_carea' id='block_1_1' title="bbox 54 301 1690 371">
    <p class='ocr_par' dir='ltr' id='par_1_1' title="bbox 54 301 1690 371">
     <span class='ocr_line' id='line_1_1' title="bbox 54 301 1690 371; baseline -0.005 -10"><span class='ocrx_word' id='word_1_1' title='bbox 54 309 240 362; x_wconf 80' lang='lat' dir='ltr'><strong>LIBER</strong></span> <span class='ocrx_word' id='word_1_2' title='bbox 257 307 562 371; x_wconf 63' lang='lat' dir='ltr'>TERTIUS]</span> <span class='ocrx_word' id='word_1_3' title='bbox 615 301 1023 360; x_wconf 90' lang='lat' dir='ltr'>PRINCIPIA</span> <span class='ocrx_word' id='word_1_4' title='bbox 1064 301 1690 357; x_wconf 90' lang='lat' dir='ltr'>MATHEMATICA.</span> 
     </span>
    </p>
   </div>
   <div class='ocr_carea' id='block_1_2' title="bbox 2104 308 2209 356">
    <p class='ocr_par' dir='ltr' id='par_1_2' title="bbox 2104 308 2209 356">
     <span class='ocr_line' id='line_1_2' title="bbox 2104 308 2209 356; baseline 0.029 -3"><span class='ocrx_word' id='word_1_5' title='bbox 2104 308 2209 356; x_wconf 83' lang='lat'>149</span> 
     </span>
    </p>
   </div>
   <div class='ocr_carea' id='block_1_3' title="bbox 48 445 2209 700">
    <p class='ocr_par' dir='ltr' id='par_1_3' title="bbox 48 445 2209 700">
     <span class='ocr_line' id='line_1_3' title="bbox 126 445 2209 519; baseline -0.003 -15"><span class='ocrx_word' id='word_1_6' title='bbox 126 452 217 504; x_wconf 89' lang='lat' dir='ltr'>Ad</span> <span class='ocrx_word' id='word_1_7' title='bbox 244 451 293 502; x_wconf 95' lang='lat' dir='ltr'>A</span> <span class='ocrx_word' id='word_1_8' title='bbox 318 451 363 503; x_wconf 92' lang='lat' dir='ltr'>C</span> <span class='ocrx_word' id='word_1_9' title='bbox 387 450 636 503; x_wconf 88' lang='lat' dir='ltr'>bisectam</span> <span class='ocrx_word' id='word_1_10' title='bbox 661 450 715 501; x_wconf 88' lang='lat' dir='ltr'>in</span> <span class='ocrx_word' id='word_1_11' title='bbox 742 449 770 501; x_wconf 99' lang='grc' dir='ltr'>Ι</span> <span class='ocrx_word' id='word_1_12' title='bbox 796 449 1061 519; x_wconf 80' lang='lat' dir='ltr'>erigantur</span> <span class='ocrx_word' id='word_1_13' title='bbox 1085 447 1456 517; x_wconf 85' lang='lat' dir='ltr'>perpendicula</span> <span class='ocrx_word' id='word_1_14' title='bbox 1483 446 1535 497; x_wconf 95' lang='lat' dir='ltr'>A</span> <span class='ocrx_word' id='word_1_15' title='bbox 1553 446 1635 509; x_wconf 83' lang='lat' dir='ltr'>M,</span> <span class='ocrx_word' id='word_1_16' title='bbox 1669 445 1714 497; x_wconf 89' lang='lat' dir='ltr'>C</span> <span class='ocrx_word' id='word_1_17' title='bbox 1736 445 1806 508; x_wconf 85' lang='lat' dir='ltr'>N,</span> <span class='ocrx_word' id='word_1_18' title='bbox 1839 445 1867 497; x_wconf 92' lang='lat' dir='ltr'>I</span> <span class='ocrx_word' id='word_1_19' title='bbox 1888 445 1957 508; x_wconf 88' lang='lat' dir='ltr'>O,</span> <span class='ocrx_word' id='word_1_20' title='bbox 1985 462 2209 515; x_wconf 87' lang='lat' dir='ltr'>quorum</span> 
     </span>
     <span class='ocr_line' id='line_1_4' title="bbox 51 537 2207 611; baseline -0.002 -16"><span class='ocrx_word' id='word_1_21' title='bbox 51 544 103 596; x_wconf 95' lang='lat' dir='ltr'>A</span> <span class='ocrx_word' id='word_1_22' title='bbox 130 542 197 594; x_wconf 95' lang='lat' dir='ltr'>M</span> <span class='ocrx_word' id='word_1_23' title='bbox 234 551 285 593; x_wconf 91' lang='lat' dir='ltr'>et</span> <span class='ocrx_word' id='word_1_24' title='bbox 325 541 370 593; x_wconf 92' lang='lat' dir='ltr'>C</span> <span class='ocrx_word' id='word_1_25' title='bbox 398 542 451 593; x_wconf 95' lang='lat' dir='ltr'>N</span> <span class='ocrx_word' id='word_1_26' title='bbox 489 542 590 593; x_wconf 88' lang='lat' dir='ltr'>sint</span> <span class='ocrx_word' id='word_1_27' title='bbox 626 550 894 611; x_wconf 83' lang='lat' dir='ltr'>tangentes</span> <span class='ocrx_word' id='word_1_28' title='bbox 932 539 1260 590; x_wconf 87' lang='lat' dir='ltr'>latitudinum</span> <span class='ocrx_word' id='word_1_29' title='bbox 1299 538 1354 588; x_wconf 90' lang='lat' dir='ltr'>in</span> <span class='ocrx_word' id='word_1_30' title='bbox 1392 538 1752 589; x_wconf 83' lang='lat' dir='ltr'>observatione</span> <span class='ocrx_word' id='word_1_31' title='bbox 1777 537 1944 606; x_wconf 62' lang='lat' dir='ltr'>prima</span> <span class='ocrx_word' id='word_1_32' title='bbox 1971 556 2031 588; x_wconf 89' lang='lat' dir='ltr'>ac</span> <span class='ocrx_word' id='word_1_33' title='bbox 2057 538 2207 591; x_wconf 65' lang='lat' dir='ltr'>tertia</span> 
     </span>
     <span class='ocr_line' id='line_1_5' title="bbox 48 628 2207 700; baseline -0.001 -16"><span class='ocrx_word' id='word_1_34' title='bbox 48 633 116 685; x_wconf 85' lang='lat' dir='ltr'>ad</span> <span class='ocrx_word' id='word_1_35' title='bbox 142 632 315 684; x_wconf 87' lang='lat' dir='ltr'>radios</span> <span class='ocrx_word' id='word_1_36' title='bbox 356 632 407 684; x_wconf 95' lang='lat' dir='ltr'><strong>T</strong></span> <span class='ocrx_word' id='word_1_37' title='bbox 433 632 486 684; x_wconf 96' lang='lat' dir='ltr'>A</span> <span class='ocrx_word' id='word_1_38' title='bbox 524 641 575 684; x_wconf 91' lang='lat' dir='ltr'>et</span> <span class='ocrx_word' id='word_1_39' title='bbox 611 653 637 680; x_wconf 76' lang='grc' dir='ltr'>τ</span> <span class='ocrx_word' id='word_1_40' title='bbox 664 632 725 683; x_wconf 92' lang='lat' dir='ltr'>C.</span> <span class='ocrx_word' id='word_1_41' title='bbox 799 631 1060 700; x_wconf 77' lang='lat' dir='ltr'>Jungatur</span> <span class='ocrx_word' id='word_1_42' title='bbox 1100 629 1164 681; x_wconf 91' lang='lat' dir='ltr'><strong>M</strong></span> <span class='ocrx_word' id='word_1_43' title='bbox 1193 629 1246 680; x_wconf 94' lang='lat' dir='ltr'>N</span> <span class='ocrx_word' id='word_1_44' title='bbox 1280 647 1457 679; x_wconf 86' lang='lat' dir='ltr'>secans</span> <span class='ocrx_word' id='word_1_45' title='bbox 1486 629 1513 679; x_wconf 97' lang='lat' dir='ltr'>I</span> <span class='ocrx_word' id='word_1_46' title='bbox 1543 628 1594 681; x_wconf 91' lang='lat' dir='ltr'>O</span> <span class='ocrx_word' id='word_1_47' title='bbox 1618 628 1674 679; x_wconf 92' lang='lat' dir='ltr'>in</span> <span class='ocrx_word' id='word_1_48' title='bbox 1701 628 1769 682; x_wconf 92' lang='grc' dir='ltr'>Ο.</span> <span class='ocrx_word' id='word_1_49' title='bbox 1849 629 2207 682; x_wconf 87' lang='lat' dir='ltr'>Constituatur</span> 
     </span>
    </p>
   </div>
   <div class='ocr_carea' id='block_1_4' title="bbox 45 720 928 792">
    <p class='ocr_par' dir='ltr' id='par_1_4' title="bbox 45 720 928 792">
     <span class='ocr_line' id='line_1_6' title="bbox 45 720 928 792; baseline -0.002 -20"><span class='ocrx_word' id='word_1_50' title='bbox 45 722 407 792; x_wconf 84' lang='lat' dir='ltr'>rectangulum</span> <span class='ocrx_word' id='word_1_51' title='bbox 446 722 466 773; x_wconf 90' lang='lat' dir='ltr'>i</span> <span class='ocrx_word' id='word_1_52' title='bbox 491 720 520 772; x_wconf 97' lang='grc' dir='ltr'>Ι</span> <span class='ocrx_word' id='word_1_53' title='bbox 545 729 577 769; x_wconf 89' lang='grc' dir='ltr'><strong>λ</strong></span> <span class='ocrx_word' id='word_1_54' title='bbox 602 741 634 769; x_wconf 81' lang='grc' dir='ltr'>α</span> <span class='ocrx_word' id='word_1_55' title='bbox 670 730 729 772; x_wconf 87' lang='lat' dir='ltr'>ut</span> <span class='ocrx_word' id='word_1_56' title='bbox 767 720 928 788; x_wconf 81' lang='lat' dir='ltr'>prius.</span> 
     </span>
    </p>
   </div>
   <div class='ocr_carea' id='block_1_5' title="bbox 41 888 1091 1209">
    <p class='ocr_par' dir='ltr' id='par_1_5' title="bbox 41 888 1091 1209">
     <span class='ocr_line' id='line_1_7' title="bbox 44 888 1089 937; baseline -0.001 -8"><span class='ocrx_word' id='word_1_57' title='bbox 44 897 174 930; x_wconf 89' lang='lat' dir='ltr'>tamen</span> <span class='ocrx_word' id='word_1_58' title='bbox 192 891 278 930; x_wconf 76' lang='lat' dir='ltr'>loca</span> <span class='ocrx_word' id='word_1_59' title='bbox 301 892 338 930; x_wconf 90' lang='lat' dir='ltr'>A</span> <span class='ocrx_word' id='word_1_60' title='bbox 357 898 396 930; x_wconf 87' lang='lat' dir='ltr'>et</span> <span class='ocrx_word' id='word_1_61' title='bbox 417 891 464 937; x_wconf 89' lang='lat' dir='ltr'>C,</span> <span class='ocrx_word' id='word_1_62' title='bbox 493 888 585 929; x_wconf 67' lang='lat' dir='ltr'>inde</span> <span class='ocrx_word' id='word_1_63' title='bbox 604 889 770 929; x_wconf 85' lang='lat' dir='ltr'>deducta</span> <span class='ocrx_word' id='word_1_64' title='bbox 790 904 868 928; x_wconf 93' lang='lat' dir='ltr'>non</span> <span class='ocrx_word' id='word_1_65' title='bbox 888 894 979 929; x_wconf 79' lang='lat' dir='ltr'>sunt</span> <span class='ocrx_word' id='word_1_66' title='bbox 998 890 1089 929; x_wconf 84' lang='lat' dir='ltr'>satis</span> 
     </span>
     <span class='ocr_line' id='line_1_8' title="bbox 43 944 1091 995; baseline -0.003 -12"><span class='ocrx_word' id='word_1_67' title='bbox 43 944 221 983; x_wconf 75' lang='lat' dir='ltr'>accurate</span> <span class='ocrx_word' id='word_1_68' title='bbox 241 945 412 991; x_wconf 82' lang='lat' dir='ltr'>definita,</span> <span class='ocrx_word' id='word_1_69' title='bbox 431 945 523 982; x_wconf 88' lang='lat' dir='ltr'>hinc</span> <span class='ocrx_word' id='word_1_70' title='bbox 541 944 713 982; x_wconf 87' lang='lat' dir='ltr'>adhiberi</span> <span class='ocrx_word' id='word_1_71' title='bbox 728 945 842 982; x_wconf 91' lang='lat' dir='ltr'>debet</span> <span class='ocrx_word' id='word_1_72' title='bbox 861 945 990 995; x_wconf 90' lang='lat' dir='ltr'>aliqua</span> <span class='ocrx_word' id='word_1_73' title='bbox 1006 956 1091 982; x_wconf 85' lang='lat' dir='ltr'>cor-</span> 
     </span>
     <span class='ocr_line' id='line_1_9' title="bbox 42 996 1090 1043; baseline -0.001 -7"><span class='ocrx_word' id='word_1_74' title='bbox 42 998 174 1036; x_wconf 87' lang='lat' dir='ltr'>rectio.</span> <span class='ocrx_word' id='word_1_75' title='bbox 249 999 439 1036; x_wconf 86' lang='lat' dir='ltr'>Manente</span> <span class='ocrx_word' id='word_1_76' title='bbox 484 998 769 1036; x_wconf 90' lang='lat' dir='ltr'>constructione</span> <span class='ocrx_word' id='word_1_77' title='bbox 821 996 1090 1043; x_wconf 69' lang='lat' dir='ltr'>Newtoniana‚</span> 
     </span>
     <span class='ocr_line' id='line_1_10' title="bbox 41 1051 1091 1102; baseline 0 -13"><span class='ocrx_word' id='word_1_78' title='bbox 41 1051 308 1100; x_wconf 82' lang='lat' dir='ltr'>concipiantur</span> <span class='ocrx_word' id='word_1_79' title='bbox 325 1051 490 1090; x_wconf 87' lang='lat' dir='ltr'>demissa</span> <span class='ocrx_word' id='word_1_80' title='bbox 503 1065 526 1089; x_wconf 88' lang='lat' dir='ltr'>a</span> <span class='ocrx_word' id='word_1_81' title='bbox 544 1051 707 1102; x_wconf 87' lang='lat' dir='ltr'>singulis</span> <span class='ocrx_word' id='word_1_82' title='bbox 725 1051 949 1102; x_wconf 88' lang='lat' dir='ltr'>trajectoriae</span> <span class='ocrx_word' id='word_1_83' title='bbox 963 1064 1091 1090; x_wconf 92' lang='lat' dir='ltr'>come-</span> 
     </span>
     <span class='ocr_line' id='line_1_11' title="bbox 41 1104 1091 1154; baseline 0 -12"><span class='ocrx_word' id='word_1_84' title='bbox 41 1104 129 1142; x_wconf 86' lang='lat' dir='ltr'>ticae</span> <span class='ocrx_word' id='word_1_85' title='bbox 147 1104 300 1153; x_wconf 90' lang='lat' dir='ltr'>punctis</span> <span class='ocrx_word' id='word_1_86' title='bbox 326 1105 603 1153; x_wconf 87' lang='lat' dir='ltr'>perpendicula</span> <span class='ocrx_word' id='word_1_87' title='bbox 629 1105 679 1142; x_wconf 88' lang='lat' dir='ltr'>ad</span> <span class='ocrx_word' id='word_1_88' title='bbox 705 1104 867 1154; x_wconf 87' lang='lat' dir='ltr'>planum</span> <span class='ocrx_word' id='word_1_89' title='bbox 892 1105 1091 1153; x_wconf 90' lang='lat' dir='ltr'>eclipticae,</span> 
     </span>
     <span class='ocr_line' id='line_1_12' title="bbox 41 1157 1089 1209; baseline 0.001 -15"><span class='ocrx_word' id='word_1_90' title='bbox 41 1157 233 1206; x_wconf 89' lang='lat' dir='ltr'>praedictis</span> <span class='ocrx_word' id='word_1_91' title='bbox 251 1158 534 1206; x_wconf 85' lang='lat' dir='ltr'>perpendiculis</span> <span class='ocrx_word' id='word_1_92' title='bbox 551 1158 594 1196; x_wconf 91' lang='lat' dir='ltr'>in</span> <span class='ocrx_word' id='word_1_93' title='bbox 613 1159 730 1206; x_wconf 88' lang='lat' dir='ltr'>plano</span> <span class='ocrx_word' id='word_1_94' title='bbox 742 1158 939 1207; x_wconf 89' lang='lat' dir='ltr'>eclipticae,</span> <span class='ocrx_word' id='word_1_95' title='bbox 960 1158 1089 1209; x_wconf 85' lang='lat' dir='ltr'>signa-</span> 
     </span>
    </p>
   </div>
   <div class='ocr_carea' id='block_1_6' title="bbox 41 1210 1107 1263">
    <p class='ocr_par' dir='ltr' id='par_1_6' title="bbox 41 1210 1107 1263">
     <span class='ocr_line' id='line_1_13' title="bbox 41 1210 1107 1263; baseline 0.001 -16"><span class='ocrx_word' id='word_1_96' title='bbox 41 1210 143 1248; x_wconf 86' lang='lat' dir='ltr'>bitur</span> <span class='ocrx_word' id='word_1_97' title='bbox 158 1223 274 1248; x_wconf 89' lang='lat' dir='ltr'>curva</span> <span class='ocrx_word' id='word_1_98' title='bbox 292 1212 509 1259; x_wconf 79' lang='lat' dir='ltr'>parabolica</span> <span class='ocrx_word' id='word_1_99' title='bbox 530 1212 565 1249; x_wconf 93' lang='lat' dir='ltr'>A</span> <span class='ocrx_word' id='word_1_100' title='bbox 585 1212 620 1249; x_wconf 86' lang='lat' dir='ltr'><strong>B</strong></span> <span class='ocrx_word' id='word_1_101' title='bbox 642 1213 686 1255; x_wconf 90' lang='lat' dir='ltr'>C,</span> <span class='ocrx_word' id='word_1_102' title='bbox 701 1213 814 1263; x_wconf 86' lang='lat' dir='ltr'>cujus</span> <span class='ocrx_word' id='word_1_103' title='bbox 826 1212 1035 1249; x_wconf 88' lang='lat' dir='ltr'>umbilicus</span> <span class='ocrx_word' id='word_1_104' title='bbox 1053 1212 1107 1250; x_wconf 88' lang='lat' dir='ltr'>S..</span> 
     </span>
    </p>
   </div>
   <div class='ocr_carea' id='block_1_7' title="bbox 40 1262 1092 1423">
    <p class='ocr_par' dir='ltr' id='par_1_7' title="bbox 40 1262 1092 1423">
     <span class='ocr_line' id='line_1_14' title="bbox 43 1262 1090 1314; baseline 0 -13"><span class='ocrx_word' id='word_1_105' title='bbox 43 1263 181 1314; x_wconf 84' lang='lat' dir='ltr'>Hujus</span> <span class='ocrx_word' id='word_1_106' title='bbox 199 1262 309 1301; x_wconf 71' lang='lat' dir='ltr'>arcus</span> <span class='ocrx_word' id='word_1_107' title='bbox 331 1265 368 1301; x_wconf 92' lang='lat' dir='ltr'>A</span> <span class='ocrx_word' id='word_1_108' title='bbox 395 1265 428 1302; x_wconf 94' lang='lat' dir='ltr'>B</span> <span class='ocrx_word' id='word_1_109' title='bbox 453 1267 499 1310; x_wconf 84' lang='lat' dir='ltr'>C,</span> <span class='ocrx_word' id='word_1_110' title='bbox 529 1267 642 1302; x_wconf 85' lang='lat' dir='ltr'>rectis</span> <span class='ocrx_word' id='word_1_111' title='bbox 663 1266 773 1310; x_wconf 84' lang='lat' dir='ltr'>TA,</span> <span class='ocrx_word' id='word_1_112' title='bbox 804 1266 842 1303; x_wconf 94' lang='lat' dir='ltr'>T</span> <span class='ocrx_word' id='word_1_113' title='bbox 864 1265 896 1303; x_wconf 94' lang='lat' dir='ltr'>C</span> <span class='ocrx_word' id='word_1_114' title='bbox 915 1277 1090 1313; x_wconf 85' lang='lat' dir='ltr'>compre-</span> 
     </span>
     <span class='ocr_line' id='line_1_15' title="bbox 40 1317 1092 1368; baseline 0.001 -15"><span class='ocrx_word' id='word_1_115' title='bbox 40 1317 149 1354; x_wconf 84' lang='lat' dir='ltr'>hensi</span> <span class='ocrx_word' id='word_1_116' title='bbox 170 1318 312 1354; x_wconf 88' lang='lat' dir='ltr'>chorda</span> <span class='ocrx_word' id='word_1_117' title='bbox 331 1327 387 1355; x_wconf 86' lang='lat' dir='ltr'>est</span> <span class='ocrx_word' id='word_1_118' title='bbox 404 1317 702 1368; x_wconf 72' lang='lat' dir='ltr'>quamproxime</span> <span class='ocrx_word' id='word_1_119' title='bbox 729 1325 832 1356; x_wconf 85' lang='lat' dir='ltr'>recta</span> <span class='ocrx_word' id='word_1_120' title='bbox 862 1319 895 1356; x_wconf 92' lang='lat' dir='ltr'>C</span> <span class='ocrx_word' id='word_1_121' title='bbox 919 1319 973 1363; x_wconf 89' lang='lat' dir='ltr'>A,</span> <span class='ocrx_word' id='word_1_122' title='bbox 1001 1330 1092 1367; x_wconf 74' lang='lat' dir='ltr'>qua&gt;</span> 
     </span>
     <span class='ocr_line' id='line_1_16' title="bbox 42 1368 1090 1423; baseline 0 -15"><span class='ocrx_word' id='word_1_123' title='bbox 42 1369 222 1408; x_wconf 85' lang='lat' dir='ltr'>bifariam</span> <span class='ocrx_word' id='word_1_124' title='bbox 241 1369 426 1409; x_wconf 73' lang='lat' dir='ltr'>d1viditur</span> <span class='ocrx_word' id='word_1_125' title='bbox 443 1372 483 1408; x_wconf 93' lang='lat' dir='ltr'>in</span> <span class='ocrx_word' id='word_1_126' title='bbox 505 1372 542 1418; x_wconf 92' lang='lat'>1,</span> <span class='ocrx_word' id='word_1_127' title='bbox 564 1373 630 1423; x_wconf 80' lang='lat' dir='ltr'>(ex</span> <span class='ocrx_word' id='word_1_128' title='bbox 648 1371 777 1421; x_wconf 87' lang='lat' dir='ltr'>dem.)</span> <span class='ocrx_word' id='word_1_129' title='bbox 824 1371 853 1411; x_wconf 86' lang='lat' dir='ltr'>J</span> <span class='ocrx_word' id='word_1_130' title='bbox 855 1384 919 1409; x_wconf 87' lang='lat' dir='ltr'>am</span> <span class='ocrx_word' id='word_1_131' title='bbox 938 1368 1029 1409; x_wconf 64' lang='lat' dir='ltr'>vet&amp;</span> <span class='ocrx_word' id='word_1_132' title='bbox 1047 1370 1090 1408; x_wconf 85' lang='lat' dir='ltr'>in</span> 
     </span>
    </p>
   </div>
   <div class='ocr_carea' id='block_1_8' title="bbox 692 1489 807 1627">
    <p class='ocr_par' dir='ltr' id='par_1_8' title="bbox 692 1489 807 1627">
     <span class='ocr_line' id='line_1_17' title="bbox 692 1489 807 1627; baseline 0.087 -10"><span class='ocrx_word' id='word_1_133' title='bbox 692 1489 807 1627; x_wconf 58' lang='lat' dir='ltr'>.ss</span> 
     </span>
    </p>
   </div>
   <div class='ocr_carea' id='block_1_9' title="bbox 131 1624 1005 3287">
    <p class='ocr_par' dir='ltr' id='par_1_9' title="bbox 131 1624 1005 3287">
     <span class='ocr_line' id='line_1_18' title="bbox 131 1624 1005 3287; baseline 0 0"><span class='ocrx_word' id='word_1_134' title='bbox 131 1624 1005 3287; x_wconf 95' lang='lat' dir='ltr'> </span> 
     </span>
    </p>
   </div>
   <div class='ocr_carea' id='block_1_10' title="bbox 799 3306 837 3352">
    <p class='ocr_par' dir='ltr' id='par_1_10' title="bbox 799 3306 837 3352">
     <span class='ocr_line' id='line_1_19' title="bbox 799 3306 837 3352; baseline 0 0"><span class='ocrx_word' id='word_1_135' title='bbox 799 3306 837 3352; x_wconf 67' lang='lat' dir='ltr'>Ca</span> 
     </span>
    </p>
   </div>
   <div class='ocr_carea' id='block_1_11' title="bbox 16 3431 1088 3959">
    <p class='ocr_par' dir='ltr' id='par_1_11' title="bbox 16 3431 1088 3959">
     <span class='ocr_line' id='line_1_20' title="bbox 40 3431 1084 3481; baseline -0.001 -12"><span class='ocrx_word' id='word_1_136' title='bbox 40 3431 225 3481; x_wconf 89' lang='lat' dir='ltr'>praedicto</span> <span class='ocrx_word' id='word_1_137' title='bbox 256 3444 347 3469; x_wconf 88' lang='lat' dir='ltr'>arcu</span> <span class='ocrx_word' id='word_1_138' title='bbox 378 3439 578 3481; x_wconf 81' lang='lat' dir='ltr'>sumptum</span> <span class='ocrx_word' id='word_1_139' title='bbox 609 3439 665 3469; x_wconf 84' lang='lat' dir='ltr'>est</span> <span class='ocrx_word' id='word_1_140' title='bbox 696 3439 889 3481; x_wconf 76' lang='lat' dir='ltr'>punctum</span> <span class='ocrx_word' id='word_1_141' title='bbox 921 3431 968 3477; x_wconf 93' lang='lat' dir='ltr'>B,</span> <span class='ocrx_word' id='word_1_142' title='bbox 1003 3443 1084 3469; x_wconf 88' lang='lat' dir='ltr'>non</span> 
     </span>
     <span class='ocr_line' id='line_1_21' title="bbox 40 3485 1086 3536; baseline 0 -15"><span class='ocrx_word' id='word_1_143' title='bbox 40 3485 176 3534; x_wconf 89' lang='lat' dir='ltr'>procul</span> <span class='ocrx_word' id='word_1_144' title='bbox 207 3498 231 3522; x_wconf 89' lang='lat' dir='ltr'>a</span> <span class='ocrx_word' id='word_1_145' title='bbox 265 3485 405 3523; x_wconf 87' lang='lat' dir='ltr'>vertice</span> <span class='ocrx_word' id='word_1_146' title='bbox 437 3486 628 3536; x_wconf 82' lang='lat' dir='ltr'>segmenti</span> <span class='ocrx_word' id='word_1_147' title='bbox 660 3485 698 3523; x_wconf 90' lang='lat' dir='ltr'>A</span> <span class='ocrx_word' id='word_1_148' title='bbox 721 3487 755 3523; x_wconf 91' lang='lat' dir='ltr'>B</span> <span class='ocrx_word' id='word_1_149' title='bbox 779 3486 824 3531; x_wconf 94' lang='lat' dir='ltr'>C,</span> <span class='ocrx_word' id='word_1_150' title='bbox 854 3497 945 3522; x_wconf 88' lang='lat' dir='ltr'>nam</span> <span class='ocrx_word' id='word_1_151' title='bbox 973 3492 1086 3533; x_wconf 87' lang='lat' dir='ltr'>capta</span> 
     </span>
     <span class='ocr_line' id='line_1_22' title="bbox 40 3535 1088 3588; baseline 0 -13"><span class='ocrx_word' id='word_1_152' title='bbox 40 3546 133 3576; x_wconf 90' lang='lat' dir='ltr'>sunt</span> <span class='ocrx_word' id='word_1_153' title='bbox 150 3538 224 3575; x_wconf 89' lang='lat' dir='ltr'>tria</span> <span class='ocrx_word' id='word_1_154' title='bbox 250 3539 558 3576; x_wconf 82' lang='lat' dir='ltr'>observationum</span> <span class='ocrx_word' id='word_1_155' title='bbox 585 3546 758 3587; x_wconf 88' lang='lat' dir='ltr'>tempora</span> <span class='ocrx_word' id='word_1_156' title='bbox 777 3538 989 3588; x_wconf 75' lang='lat' dir='ltr'>aequalibus</span> <span class='ocrx_word' id='word_1_157' title='bbox 1006 3535 1088 3575; x_wconf 74' lang='lat' dir='ltr'>fere</span> 
     </span>
     <span class='ocr_line' id='line_1_23' title="bbox 40 3591 1087 3635; baseline 0.001 -7"><span class='ocrx_word' id='word_1_158' title='bbox 40 3591 252 3629; x_wconf 75' lang='lat' dir='ltr'>intervallis</span> <span class='ocrx_word' id='word_1_159' title='bbox 281 3593 330 3630; x_wconf 88' lang='lat' dir='ltr'>ab</span> <span class='ocrx_word' id='word_1_160' title='bbox 360 3591 526 3628; x_wconf 88' lang='lat' dir='ltr'>invicem</span> <span class='ocrx_word' id='word_1_161' title='bbox 561 3591 752 3635; x_wconf 81' lang='lat' dir='ltr'>distantia,</span> <span class='ocrx_word' id='word_1_162' title='bbox 790 3592 844 3629; x_wconf 84' lang='lat' dir='ltr'>ita</span> <span class='ocrx_word' id='word_1_163' title='bbox 872 3598 1003 3629; x_wconf 86' lang='lat' dir='ltr'>tamen</span> <span class='ocrx_word' id='word_1_164' title='bbox 1040 3598 1087 3629; x_wconf 86' lang='lat' dir='ltr'>ut</span> 
     </span>
     <span class='ocr_line' id='line_1_24' title="bbox 40 3643 1087 3694; baseline -0.002 -11"><span class='ocrx_word' id='word_1_165' title='bbox 40 3652 194 3693; x_wconf 80' lang='lat' dir='ltr'>tempus</span> <span class='ocrx_word' id='word_1_166' title='bbox 213 3645 262 3682; x_wconf 88' lang='lat' dir='ltr'>sit</span> <span class='ocrx_word' id='word_1_167' title='bbox 279 3643 396 3692; x_wconf 63' lang='lat' dir='ltr'>paul&amp;</span> <span class='ocrx_word' id='word_1_168' title='bbox 410 3645 535 3694; x_wconf 83' lang='lat' dir='ltr'>majus</span> <span class='ocrx_word' id='word_1_169' title='bbox 549 3645 615 3682; x_wconf 89' lang='lat' dir='ltr'>ubi</span> <span class='ocrx_word' id='word_1_170' title='bbox 630 3654 779 3682; x_wconf 88' lang='lat' dir='ltr'>cometa</span> <span class='ocrx_word' id='word_1_171' title='bbox 793 3644 941 3682; x_wconf 65' lang='lat' dir='ltr'>tardius</span> <span class='ocrx_word' id='word_1_172' title='bbox 953 3657 1087 3682; x_wconf 89' lang='lat' dir='ltr'>move-</span> 
     </span>
     <span class='ocr_line' id='line_1_25' title="bbox 40 3696 1087 3746; baseline 0 -10"><span class='ocrx_word' id='word_1_173' title='bbox 40 3706 117 3736; x_wconf 81' lang='lat' dir='ltr'>tur.</span> <span class='ocrx_word' id='word_1_174' title='bbox 178 3698 369 3736; x_wconf 86' lang='lat' dir='ltr'>Praeterea</span> <span class='ocrx_word' id='word_1_175' title='bbox 387 3697 504 3735; x_wconf 82' lang='lat' dir='ltr'>ducta</span> <span class='ocrx_word' id='word_1_176' title='bbox 522 3704 579 3735; x_wconf 89' lang='lat' dir='ltr'>est</span> <span class='ocrx_word' id='word_1_177' title='bbox 597 3704 700 3735; x_wconf 90' lang='lat' dir='ltr'>recta</span> <span class='ocrx_word' id='word_1_178' title='bbox 717 3696 767 3735; x_wconf 85' lang='lat' dir='ltr'>ad</span> <span class='ocrx_word' id='word_1_179' title='bbox 790 3698 822 3736; x_wconf 93' lang='lat' dir='ltr'>C</span> <span class='ocrx_word' id='word_1_180' title='bbox 845 3699 884 3735; x_wconf 93' lang='lat' dir='ltr'>A</span> <span class='ocrx_word' id='word_1_181' title='bbox 903 3697 1087 3746; x_wconf 85' lang='lat' dir='ltr'>parallela</span> 
     </span>
     <span class='ocr_line' id='line_1_26' title="bbox 41 3749 1084 3798; baseline 0.002 -10"><span class='ocrx_word' id='word_1_182' title='bbox 41 3763 272 3788; x_wconf 82' lang='lat' dir='ltr'>concurrens</span> <span class='ocrx_word' id='word_1_183' title='bbox 297 3751 339 3787; x_wconf 91' lang='lat' dir='ltr'>in</span> <span class='ocrx_word' id='word_1_184' title='bbox 366 3750 379 3787; x_wconf 88' lang='lat' dir='ltr'>i</span> <span class='ocrx_word' id='word_1_185' title='bbox 406 3763 495 3789; x_wconf 90' lang='lat' dir='ltr'>cum</span> <span class='ocrx_word' id='word_1_186' title='bbox 515 3749 677 3787; x_wconf 87' lang='lat' dir='ltr'>normali</span> <span class='ocrx_word' id='word_1_187' title='bbox 706 3749 832 3789; x_wconf 63' lang='lat' dir='ltr'>erecta</span> <span class='ocrx_word' id='word_1_188' title='bbox 849 3764 873 3788; x_wconf 89' lang='lat' dir='ltr'>a</span> <span class='ocrx_word' id='word_1_189' title='bbox 889 3758 1036 3798; x_wconf 89' lang='lat' dir='ltr'>puncto</span> <span class='ocrx_word' id='word_1_190' title='bbox 1062 3752 1084 3790; x_wconf 95' lang='lat' dir='ltr'>I</span> 
     </span>
     <span class='ocr_line' id='line_1_27' title="bbox 43 3803 1084 3853; baseline 0.001 -13"><span class='ocrx_word' id='word_1_191' title='bbox 43 3803 92 3840; x_wconf 90' lang='lat' dir='ltr'>ad</span> <span class='ocrx_word' id='word_1_192' title='bbox 111 3812 251 3841; x_wconf 86' lang='lat' dir='ltr'>rectam</span> <span class='ocrx_word' id='word_1_193' title='bbox 275 3804 307 3842; x_wconf 93' lang='lat' dir='ltr'>C</span> <span class='ocrx_word' id='word_1_194' title='bbox 330 3804 381 3849; x_wconf 92' lang='lat' dir='ltr'>A,</span> <span class='ocrx_word' id='word_1_195' title='bbox 404 3804 617 3853; x_wconf 88' lang='lat' dir='ltr'>junctaque</span> <span class='ocrx_word' id='word_1_196' title='bbox 645 3810 701 3841; x_wconf 85' lang='lat' dir='ltr'>cst</span> <span class='ocrx_word' id='word_1_197' title='bbox 723 3816 856 3842; x_wconf 86' lang='lat' dir='ltr'>secans</span> <span class='ocrx_word' id='word_1_198' title='bbox 877 3804 904 3843; x_wconf 91' lang='lat' dir='ltr'>S</span> <span class='ocrx_word' id='word_1_199' title='bbox 921 3803 948 3850; x_wconf 92' lang='lat' dir='ltr'>i,</span> <span class='ocrx_word' id='word_1_200' title='bbox 977 3816 1084 3841; x_wconf 88' lang='lat' dir='ltr'>com-</span> 
     </span>
     <span class='ocr_line' id='line_1_28' title="bbox 43 3855 1087 3906; baseline 0.003 -14"><span class='ocrx_word' id='word_1_201' title='bbox 43 3855 268 3906; x_wconf 87' lang='lat' dir='ltr'>pletumque</span> <span class='ocrx_word' id='word_1_202' title='bbox 298 3856 703 3906; x_wconf 77' lang='lat' dir='ltr'>parallelogrammum</span> <span class='ocrx_word' id='word_1_203' title='bbox 730 3856 745 3893; x_wconf 94' lang='lat' dir='ltr'>i</span> <span class='ocrx_word' id='word_1_204' title='bbox 780 3857 800 3894; x_wconf 96' lang='lat' dir='ltr'>I</span> <span class='ocrx_word' id='word_1_205' title='bbox 828 3866 855 3895; x_wconf 80' lang='grc' dir='ltr'>λ.</span> <span class='ocrx_word' id='word_1_206' title='bbox 882 3873 927 3905; x_wconf 80' lang='grc' dir='ltr'>μ.</span> <span class='ocrx_word' id='word_1_207' title='bbox 981 3857 1087 3901; x_wconf 85' lang='lat' dir='ltr'>Quia</span> 
     </span>
     <span class='ocr_line' id='line_1_29' title="bbox 16 3907 1087 3959; baseline 0.006 -15"><span class='ocrx_word' id='word_1_208' title='bbox 16 3922 29 3937; x_wconf 67' lang='grc' dir='ltr'><strong>ο</strong></span> <span class='ocrx_word' id='word_1_209' title='bbox 45 3907 134 3946; x_wconf 64' lang='lat' dir='ltr'>veri)</span> <span class='ocrx_word' id='word_1_210' title='bbox 152 3917 326 3956; x_wconf 77' lang='lat' dir='ltr'>respectu</span> <span class='ocrx_word' id='word_1_211' title='bbox 344 3911 543 3948; x_wconf 84' lang='lat' dir='ltr'>immensae</span> <span class='ocrx_word' id='word_1_212' title='bbox 565 3909 664 3949; x_wconf 83' lang='lat' dir='ltr'>Solis</span> <span class='ocrx_word' id='word_1_213' title='bbox 680 3909 883 3959; x_wconf 66' lang='lat' dir='ltr'>distantiae,</span> <span class='ocrx_word' id='word_1_214' title='bbox 895 3911 1087 3950; x_wconf 86' lang='lat' dir='ltr'>evanescit</span> 
     </span>
    </p>
   </div>
   <div class='ocr_carea' id='block_1_12' title="bbox 1112 3686 1467 3726">
    <p class='ocr_par' dir='ltr' id='par_1_12' title="bbox 1112 3686 1467 3726">
     <span class='ocr_line' id='line_1_30' title="bbox 1112 3686 1467 3726; baseline 0.008 -3"><span class='ocrx_word' id='word_1_215' title='bbox 1112 3709 1118 3715; x_wconf 89' lang='lat'><strong>·</strong></span> <span class='ocrx_word' id='word_1_216' title='bbox 1139 3699 1165 3724; x_wconf 86' lang='lat' dir='ltr'>a</span> <span class='ocrx_word' id='word_1_217' title='bbox 1194 3686 1283 3723; x_wconf 88' lang='lat' dir='ltr'>Sole</span> <span class='ocrx_word' id='word_1_218' title='bbox 1309 3687 1467 3726; x_wconf 86' lang='lat' dir='ltr'>obtinet.</span> 
     </span>
    </p>
   </div>
   <div class='ocr_carea' id='block_1_13' title="bbox 1007 717 2206 790">
    <p class='ocr_par' dir='ltr' id='par_1_13' title="bbox 1007 717 2206 790">
     <span class='ocr_line' id='line_1_31' title="bbox 1007 717 2206 790; baseline 0.004 -20"><span class='ocrx_word' id='word_1_219' title='bbox 1007 719 1071 770; x_wconf 90' lang='lat' dir='ltr'>In</span> <span class='ocrx_word' id='word_1_220' title='bbox 1115 718 1142 770; x_wconf 95' lang='grc' dir='ltr'>Ι</span> <span class='ocrx_word' id='word_1_221' title='bbox 1171 719 1221 769; x_wconf 94' lang='lat' dir='ltr'>A</span> <span class='ocrx_word' id='word_1_222' title='bbox 1261 717 1516 786; x_wconf 61' lang='lat' dir='ltr'>producta</span> <span class='ocrx_word' id='word_1_223' title='bbox 1557 718 1792 788; x_wconf 84' lang='lat' dir='ltr'>capiatur</span> <span class='ocrx_word' id='word_1_224' title='bbox 1835 720 1861 771; x_wconf 94' lang='lat' dir='ltr'>I</span> <span class='ocrx_word' id='word_1_225' title='bbox 1888 720 1944 773; x_wconf 90' lang='lat' dir='ltr'>D</span> <span class='ocrx_word' id='word_1_226' title='bbox 1989 720 2206 790; x_wconf 81' lang='lat' dir='ltr'>aequalis</span> 
     </span>
    </p>
   </div>
   <div class='ocr_carea' id='block_1_14' title="bbox 1142 888 2201 1418">
    <p class='ocr_par' dir='ltr' id='par_1_14' title="bbox 1142 888 2201 1418">
     <span class='ocr_line' id='line_1_32' title="bbox 1146 888 2201 940; baseline 0.001 -13"><span class='ocrx_word' id='word_1_227' title='bbox 1146 888 1326 927; x_wconf 82' lang='lat' dir='ltr'>distantia</span> <span class='ocrx_word' id='word_1_228' title='bbox 1354 896 1589 938; x_wconf 85' lang='lat' dir='ltr'>punctorum</span> <span class='ocrx_word' id='word_1_229' title='bbox 1620 890 1657 936; x_wconf 93' lang='lat' dir='ltr'>I,</span> <span class='ocrx_word' id='word_1_230' title='bbox 1691 907 1722 940; x_wconf 77' lang='grc' dir='ltr'>μ</span> <span class='ocrx_word' id='word_1_231' title='bbox 1736 904 1751 938; x_wconf 85' lang='grc'><strong>;</strong></span> <span class='ocrx_word' id='word_1_232' title='bbox 1793 890 1866 930; x_wconf 89' lang='lat' dir='ltr'>erit</span> <span class='ocrx_word' id='word_1_233' title='bbox 1901 908 1927 929; x_wconf 70' lang='lat' dir='ltr'>a</span> <span class='ocrx_word' id='word_1_234' title='bbox 1958 889 2039 929; x_wconf 70' lang='lat' dir='ltr'>fere</span> <span class='ocrx_word' id='word_1_235' title='bbox 2070 898 2201 929; x_wconf 85' lang='lat' dir='ltr'>vertex</span> 
     </span>
     <span class='ocr_line' id='line_1_33' title="bbox 1146 942 2200 994; baseline -0.002 -14"><span class='ocrx_word' id='word_1_236' title='bbox 1146 942 1338 993; x_wconf 86' lang='lat' dir='ltr'>segmenti</span> <span class='ocrx_word' id='word_1_237' title='bbox 1360 944 1399 980; x_wconf 92' lang='lat' dir='ltr'>A</span> <span class='ocrx_word' id='word_1_238' title='bbox 1423 943 1459 980; x_wconf 87' lang='lat' dir='ltr'><strong>B</strong></span> <span class='ocrx_word' id='word_1_239' title='bbox 1483 943 1529 981; x_wconf 92' lang='lat' dir='ltr'>C.</span> <span class='ocrx_word' id='word_1_240' title='bbox 1589 942 1793 992; x_wconf 81' lang='lat' dir='ltr'>Jungatur</span> <span class='ocrx_word' id='word_1_241' title='bbox 1815 962 1846 994; x_wconf 82' lang='grc' dir='ltr'>μ,</span> <span class='ocrx_word' id='word_1_242' title='bbox 1869 945 1907 990; x_wconf 91' lang='lat' dir='ltr'>S,</span> <span class='ocrx_word' id='word_1_243' title='bbox 1936 957 2069 982; x_wconf 89' lang='lat' dir='ltr'>secans</span> <span class='ocrx_word' id='word_1_244' title='bbox 2088 945 2200 982; x_wconf 76' lang='lat' dir='ltr'>chor·</span> 
     </span>
     <span class='ocr_line' id='line_1_34' title="bbox 1145 995 2201 1046; baseline 0.002 -13"><span class='ocrx_word' id='word_1_245' title='bbox 1145 996 1236 1033; x_wconf 90' lang='lat' dir='ltr'>dam</span> <span class='ocrx_word' id='word_1_246' title='bbox 1260 997 1296 1034; x_wconf 95' lang='lat' dir='ltr'>A</span> <span class='ocrx_word' id='word_1_247' title='bbox 1321 996 1353 1035; x_wconf 91' lang='lat' dir='ltr'>C</span> <span class='ocrx_word' id='word_1_248' title='bbox 1373 995 1415 1033; x_wconf 89' lang='lat' dir='ltr'>in</span> <span class='ocrx_word' id='word_1_249' title='bbox 1435 996 1486 1040; x_wconf 91' lang='lat' dir='ltr'>Y,</span> <span class='ocrx_word' id='word_1_250' title='bbox 1516 995 1590 1033; x_wconf 86' lang='lat' dir='ltr'>erit</span> <span class='ocrx_word' id='word_1_251' title='bbox 1616 1013 1646 1046; x_wconf 77' lang='grc' dir='ltr'><em>μ</em></span> <span class='ocrx_word' id='word_1_252' title='bbox 1668 997 1718 1041; x_wconf 87' lang='grc' dir='ltr'>Υ,</span> <span class='ocrx_word' id='word_1_253' title='bbox 1747 997 1828 1035; x_wconf 87' lang='lat' dir='ltr'>fere</span> <span class='ocrx_word' id='word_1_254' title='bbox 1846 997 2031 1046; x_wconf 86' lang='lat' dir='ltr'>parallela</span> <span class='ocrx_word' id='word_1_255' title='bbox 2048 998 2061 1034; x_wconf 93' lang='lat' dir='ltr'>i</span> <span class='ocrx_word' id='word_1_256' title='bbox 2081 1007 2119 1044; x_wconf 81' lang='grc' dir='ltr'>λ,</span> <span class='ocrx_word' id='word_1_257' title='bbox 2150 999 2201 1035; x_wconf 84' lang='lat' dir='ltr'>ob</span> 
     </span>
     <span class='ocr_line' id='line_1_35' title="bbox 1144 1048 2199 1100; baseline 0 -14"><span class='ocrx_word' id='word_1_258' title='bbox 1144 1049 1374 1087; x_wconf 87' lang='lat' dir='ltr'>immensam</span> <span class='ocrx_word' id='word_1_259' title='bbox 1405 1049 1542 1098; x_wconf 87' lang='lat' dir='ltr'>puncti</span> <span class='ocrx_word' id='word_1_260' title='bbox 1579 1050 1605 1088; x_wconf 93' lang='lat' dir='ltr'>S</span> <span class='ocrx_word' id='word_1_261' title='bbox 1637 1048 1873 1097; x_wconf 80' lang='lat' dir='ltr'>distantiam,</span> <span class='ocrx_word' id='word_1_262' title='bbox 1905 1049 2071 1100; x_wconf 70' lang='lat' dir='ltr'>ideoque</span> <span class='ocrx_word' id='word_1_263' title='bbox 2099 1048 2199 1095; x_wconf 80' lang='grc' dir='ltr'>λῩ,</span> 
     </span>
     <span class='ocr_line' id='line_1_36' title="bbox 1144 1102 2198 1153; baseline 0.001 -13"><span class='ocrx_word' id='word_1_264' title='bbox 1144 1102 1303 1153; x_wconf 78' lang='lat' dir='ltr'>aequalis</span> <span class='ocrx_word' id='word_1_265' title='bbox 1320 1111 1435 1140; x_wconf 89' lang='lat' dir='ltr'>rectae</span> <span class='ocrx_word' id='word_1_266' title='bbox 1466 1102 1480 1139; x_wconf 93' lang='lat' dir='ltr'>i</span> <span class='ocrx_word' id='word_1_267' title='bbox 1497 1119 1540 1152; x_wconf 77' lang='grc' dir='ltr'>μ,</span> <span class='ocrx_word' id='word_1_268' title='bbox 1574 1114 1620 1140; x_wconf 91' lang='lat' dir='ltr'>ac</span> <span class='ocrx_word' id='word_1_269' title='bbox 1647 1102 1809 1150; x_wconf 67' lang='lat' dir='ltr'>proinde</span> <span class='ocrx_word' id='word_1_270' title='bbox 1828 1112 1866 1141; x_wconf 92' lang='lat' dir='ltr'>et</span> <span class='ocrx_word' id='word_1_271' title='bbox 1890 1104 1961 1151; x_wconf 90' lang='lat' dir='ltr'>ipsi</span> <span class='ocrx_word' id='word_1_272' title='bbox 1981 1105 2003 1143; x_wconf 94' lang='grc' dir='ltr'>Ι</span> <span class='ocrx_word' id='word_1_273' title='bbox 2022 1113 2059 1141; x_wconf 79' lang='grc' dir='ltr'>λ.</span> <span class='ocrx_word' id='word_1_274' title='bbox 2122 1104 2198 1141; x_wconf 83' lang='lat' dir='ltr'>Sed</span> 
     </span>
     <span class='ocr_line' id='line_1_37' title="bbox 1146 1155 2194 1208; baseline 0.001 -14"><span class='ocrx_word' id='word_1_275' title='bbox 1146 1157 1214 1208; x_wconf 85' lang='lat' dir='ltr'>(ex</span> <span class='ocrx_word' id='word_1_276' title='bbox 1245 1155 1407 1206; x_wconf 85' lang='lat' dir='ltr'>constr.)</span> <span class='ocrx_word' id='word_1_277' title='bbox 1442 1155 1464 1193; x_wconf 94' lang='grc' dir='ltr'>Ι</span> <span class='ocrx_word' id='word_1_278' title='bbox 1495 1171 1518 1194; x_wconf 87' lang='lat' dir='ltr'>o·</span> <span class='ocrx_word' id='word_1_279' title='bbox 1546 1163 1702 1204; x_wconf 88' lang='lat' dir='ltr'>sumpta</span> <span class='ocrx_word' id='word_1_280' title='bbox 1730 1163 1788 1194; x_wconf 90' lang='lat' dir='ltr'>est</span> <span class='ocrx_word' id='word_1_281' title='bbox 1815 1156 1931 1205; x_wconf 88' lang='lat' dir='ltr'>tripla</span> <span class='ocrx_word' id='word_1_282' title='bbox 1961 1156 2082 1204; x_wconf 89' lang='lat' dir='ltr'>ipsius</span> <span class='ocrx_word' id='word_1_283' title='bbox 2104 1157 2127 1195; x_wconf 93' lang='lat' dir='ltr'>I</span> <span class='ocrx_word' id='word_1_284' title='bbox 2156 1167 2194 1204; x_wconf 79' lang='grc' dir='ltr'>λ,</span> 
     </span>
     <span class='ocr_line' id='line_1_38' title="bbox 1145 1205 2193 1260; baseline 0.002 -14"><span class='ocrx_word' id='word_1_285' title='bbox 1145 1208 1265 1259; x_wconf 71' lang='lat' dir='ltr'>quare</span> <span class='ocrx_word' id='word_1_286' title='bbox 1285 1217 1343 1247; x_wconf 89' lang='lat' dir='ltr'>est</span> <span class='ocrx_word' id='word_1_287' title='bbox 1360 1210 1476 1246; x_wconf 88' lang='lat' dir='ltr'>etiam</span> <span class='ocrx_word' id='word_1_288' title='bbox 1496 1208 1612 1257; x_wconf 87' lang='lat' dir='ltr'>tripla</span> <span class='ocrx_word' id='word_1_289' title='bbox 1630 1208 1751 1257; x_wconf 84' lang='lat' dir='ltr'>ipsius</span> <span class='ocrx_word' id='word_1_290' title='bbox 1770 1218 1799 1248; x_wconf 80' lang='grc' dir='ltr'><strong>λ</strong></span> <span class='ocrx_word' id='word_1_291' title='bbox 1814 1205 1852 1243; x_wconf 92' lang='lat' dir='ltr'>Y</span> <span class='ocrx_word' id='word_1_292' title='bbox 1866 1218 1905 1248; x_wconf 92' lang='lat' dir='ltr'>et</span> <span class='ocrx_word' id='word_1_293' title='bbox 1921 1210 2081 1260; x_wconf 89' lang='lat' dir='ltr'>reliquae</span> <span class='ocrx_word' id='word_1_294' title='bbox 2104 1210 2139 1247; x_wconf 91' lang='lat' dir='ltr'>Y</span> <span class='ocrx_word' id='word_1_295' title='bbox 2159 1226 2193 1256; x_wconf 88' lang='lat' dir='ltr'>o·,</span> 
     </span>
     <span class='ocr_line' id='line_1_39' title="bbox 1143 1261 2193 1314; baseline 0.001 -15"><span class='ocrx_word' id='word_1_296' title='bbox 1143 1261 1310 1313; x_wconf 78' lang='lat' dir='ltr'>ideoque</span> <span class='ocrx_word' id='word_1_297' title='bbox 1324 1263 1460 1314; x_wconf 86' lang='lat' dir='ltr'>juncta</span> <span class='ocrx_word' id='word_1_298' title='bbox 1479 1278 1502 1301; x_wconf 85' lang='lat' dir='ltr'>o·</span> <span class='ocrx_word' id='word_1_299' title='bbox 1523 1262 1563 1308; x_wconf 88' lang='lat' dir='ltr'>S,</span> <span class='ocrx_word' id='word_1_300' title='bbox 1594 1262 1721 1314; x_wconf 76' lang='lat'>(165.)</span> <span class='ocrx_word' id='word_1_301' title='bbox 1751 1276 1796 1300; x_wconf 86' lang='lat' dir='ltr'>ea</span> <span class='ocrx_word' id='word_1_302' title='bbox 1815 1262 1894 1311; x_wconf 86' lang='lat' dir='ltr'>ipsa</span> <span class='ocrx_word' id='word_1_303' title='bbox 1913 1271 1971 1300; x_wconf 89' lang='lat' dir='ltr'>est</span> <span class='ocrx_word' id='word_1_304' title='bbox 1989 1271 2092 1301; x_wconf 87' lang='lat' dir='ltr'>recta</span> <span class='ocrx_word' id='word_1_305' title='bbox 2110 1279 2132 1300; x_wconf 78' lang='lat' dir='ltr'><em>o</em></span> <span class='ocrx_word' id='word_1_306' title='bbox 2154 1264 2193 1310; x_wconf 89' lang='lat' dir='ltr'>S,</span> 
     </span>
     <span class='ocr_line' id='line_1_40' title="bbox 1143 1315 2197 1365; baseline 0.002 -13"><span class='ocrx_word' id='word_1_307' title='bbox 1143 1328 1233 1365; x_wconf 83' lang='lat' dir='ltr'>quae</span> <span class='ocrx_word' id='word_1_308' title='bbox 1260 1317 1461 1353; x_wconf 84' lang='lat' dir='ltr'>exhibetur</span> <span class='ocrx_word' id='word_1_309' title='bbox 1487 1315 1529 1361; x_wconf 81' lang='lat' dir='ltr'>in</span> <span class='ocrx_word' id='word_1_310' title='bbox 1559 1315 1671 1353; x_wconf 82' lang='lat' dir='ltr'>Lem.</span> <span class='ocrx_word' id='word_1_311' title='bbox 1697 1316 1827 1354; x_wconf 91' lang='lat' dir='ltr'>VIII.</span> <span class='ocrx_word' id='word_1_312' title='bbox 1858 1316 1898 1354; x_wconf 90' lang='lat' dir='ltr'>id</span> <span class='ocrx_word' id='word_1_313' title='bbox 1926 1324 1995 1362; x_wconf 88' lang='lat' dir='ltr'>est,</span> <span class='ocrx_word' id='word_1_314' title='bbox 2024 1317 2064 1352; x_wconf 88' lang='lat' dir='ltr'>in</span> <span class='ocrx_word' id='word_1_315' title='bbox 2092 1317 2197 1354; x_wconf 68' lang='lat' dir='ltr'>recta</span> 
     </span>
     <span class='ocr_line' id='line_1_41' title="bbox 1142 1368 2196 1418; baseline 0 -11"><span class='ocrx_word' id='word_1_316' title='bbox 1142 1384 1167 1407; x_wconf 81' lang='lat' dir='ltr'>a·</span> <span class='ocrx_word' id='word_1_317' title='bbox 1187 1369 1226 1416; x_wconf 93' lang='lat' dir='ltr'>S,</span> <span class='ocrx_word' id='word_1_318' title='bbox 1256 1369 1444 1417; x_wconf 87' lang='lat' dir='ltr'>producta</span> <span class='ocrx_word' id='word_1_319' title='bbox 1461 1382 1593 1407; x_wconf 84' lang='lat' dir='ltr'>versus</span> <span class='ocrx_word' id='word_1_320' title='bbox 1613 1370 1651 1414; x_wconf 90' lang='lat' dir='ltr'>S,</span> <span class='ocrx_word' id='word_1_321' title='bbox 1680 1368 1869 1417; x_wconf 84' lang='lat' dir='ltr'>reperitur</span> <span class='ocrx_word' id='word_1_322' title='bbox 1896 1377 2086 1418; x_wconf 88' lang='lat' dir='ltr'>punctum</span> <span class='ocrx_word' id='word_1_323' title='bbox 2112 1371 2144 1416; x_wconf 79' lang='grc' dir='ltr'>ξ,</span> <span class='ocrx_word' id='word_1_324' title='bbox 2172 1383 2196 1407; x_wconf 89' lang='lat' dir='ltr'>a</span> 
     </span>
    </p>
   </div>
   <div class='ocr_carea' id='block_1_15' title="bbox 1102 1422 2195 1473">
    <p class='ocr_par' dir='ltr' id='par_1_15' title="bbox 1102 1422 2195 1473">
     <span class='ocr_line' id='line_1_42' title="bbox 1102 1422 2195 1473; baseline 0.001 -13"><span class='ocrx_word' id='word_1_325' title='bbox 1102 1460 1113 1473; x_wconf 46' lang='lat'>⁸</span> <span class='ocrx_word' id='word_1_326' title='bbox 1142 1435 1222 1473; x_wconf 93' lang='lat' dir='ltr'>quo</span> <span class='ocrx_word' id='word_1_327' title='bbox 1240 1423 1356 1472; x_wconf 82' lang='lat' dir='ltr'>ducta</span> <span class='ocrx_word' id='word_1_328' title='bbox 1374 1422 1521 1472; x_wconf 85' lang='lat' dir='ltr'>quaevis</span> <span class='ocrx_word' id='word_1_329' title='bbox 1539 1430 1642 1460; x_wconf 87' lang='lat' dir='ltr'>recta</span> <span class='ocrx_word' id='word_1_330' title='bbox 1661 1422 1844 1460; x_wconf 89' lang='lat' dir='ltr'>chordam</span> <span class='ocrx_word' id='word_1_331' title='bbox 1866 1423 1905 1460; x_wconf 93' lang='lat' dir='ltr'>A</span> <span class='ocrx_word' id='word_1_332' title='bbox 1930 1423 1962 1461; x_wconf 92' lang='lat' dir='ltr'>C</span> <span class='ocrx_word' id='word_1_333' title='bbox 1983 1435 2195 1472; x_wconf 85' lang='lat' dir='ltr'>arcumque</span> 
     </span>
    </p>
   </div>
   <div class='ocr_carea' id='block_1_16' title="bbox 1137 1475 2195 2222">
    <p class='ocr_par' dir='ltr' id='par_1_16' title="bbox 1137 1475 2195 2222">
     <span class='ocr_line' id='line_1_43' title="bbox 1146 1475 2195 1526; baseline -0.001 -12"><span class='ocrx_word' id='word_1_334' title='bbox 1146 1477 1180 1514; x_wconf 92' lang='lat' dir='ltr'>C</span> <span class='ocrx_word' id='word_1_335' title='bbox 1204 1476 1239 1514; x_wconf 95' lang='lat' dir='ltr'>B</span> <span class='ocrx_word' id='word_1_336' title='bbox 1264 1476 1300 1514; x_wconf 94' lang='lat' dir='ltr'>A</span> <span class='ocrx_word' id='word_1_337' title='bbox 1330 1488 1473 1521; x_wconf 87' lang='lat' dir='ltr'>secans,</span> <span class='ocrx_word' id='word_1_338' title='bbox 1502 1475 1685 1513; x_wconf 85' lang='lat' dir='ltr'>chordam</span> <span class='ocrx_word' id='word_1_339' title='bbox 1710 1483 1812 1514; x_wconf 88' lang='lat' dir='ltr'>secat</span> <span class='ocrx_word' id='word_1_340' title='bbox 1830 1475 1869 1512; x_wconf 89' lang='lat' dir='ltr'>in</span> <span class='ocrx_word' id='word_1_341' title='bbox 1891 1484 2090 1526; x_wconf 87' lang='lat' dir='ltr'>segmenta</span> <span class='ocrx_word' id='word_1_342' title='bbox 2107 1490 2195 1526; x_wconf 86' lang='lat' dir='ltr'>quae</span> 
     </span>
     <span class='ocr_line' id='line_1_44' title="bbox 1143 1529 2195 1580; baseline 0.002 -14"><span class='ocrx_word' id='word_1_343' title='bbox 1143 1529 1305 1567; x_wconf 88' lang='lat' dir='ltr'>eandem</span> <span class='ocrx_word' id='word_1_344' title='bbox 1324 1531 1466 1568; x_wconf 89' lang='lat' dir='ltr'>babent</span> <span class='ocrx_word' id='word_1_345' title='bbox 1484 1529 1674 1567; x_wconf 86' lang='lat' dir='ltr'>rat-ionem</span> <span class='ocrx_word' id='word_1_346' title='bbox 1692 1541 1783 1567; x_wconf 88' lang='lat' dir='ltr'>cum</span> <span class='ocrx_word' id='word_1_347' title='bbox 1802 1529 2040 1578; x_wconf 85' lang='lat' dir='ltr'>temporibus</span> <span class='ocrx_word' id='word_1_348' title='bbox 2052 1530 2195 1580; x_wconf 90' lang='lat' dir='ltr'>quibus</span> 
     </span>
     <span class='ocr_line' id='line_1_45' title="bbox 1141 1580 2195 1631; baseline 0.002 -12"><span class='ocrx_word' id='word_1_349' title='bbox 1141 1583 1417 1631; x_wconf 85' lang='lat' dir='ltr'>respondentes</span> <span class='ocrx_word' id='word_1_350' title='bbox 1435 1595 1545 1621; x_wconf 89' lang='lat' dir='ltr'>arcus</span> <span class='ocrx_word' id='word_1_351' title='bbox 1563 1596 1587 1620; x_wconf 87' lang='lat' dir='ltr'>a</span> <span class='ocrx_word' id='word_1_352' title='bbox 1606 1580 1756 1620; x_wconf 65' lang='lat' dir='ltr'>cometa</span> <span class='ocrx_word' id='word_1_353' title='bbox 1774 1584 2054 1621; x_wconf 86' lang='lat' dir='ltr'>describuntur.</span> <span class='ocrx_word' id='word_1_354' title='bbox 2118 1584 2195 1621; x_wconf 83' lang='lat' dir='ltr'>Sed</span> 
     </span>
     <span class='ocr_line' id='line_1_46' title="bbox 1144 1635 2191 1688; baseline 0.001 -15"><span class='ocrx_word' id='word_1_355' title='bbox 1144 1637 1589 1688; x_wconf 62' lang='lat' dir='ltr'>(exconstr.)c}=5</span> <span class='ocrx_word' id='word_1_356' title='bbox 1613 1636 1750 1687; x_wconf 69' lang='lat' dir='ltr'>So÷</span> <span class='ocrx_word' id='word_1_357' title='bbox 1774 1635 2086 1674; x_wconf 58' lang='lat' dir='ltr'>ssizetia=</span> <span class='ocrx_word' id='word_1_358' title='bbox 2109 1637 2191 1685; x_wconf 79' lang='grc' dir='ltr'>Ιμ,</span> 
     </span>
     <span class='ocr_line' id='line_1_47' title="bbox 1141 1688 2194 1740; baseline 0.001 -14"><span class='ocrx_word' id='word_1_359' title='bbox 1141 1697 1233 1727; x_wconf 84' lang='lat' dir='ltr'>sunt</span> <span class='ocrx_word' id='word_1_360' title='bbox 1252 1690 1355 1727; x_wconf 85' lang='lat' dir='ltr'>enim</span> <span class='ocrx_word' id='word_1_361' title='bbox 1375 1697 1488 1727; x_wconf 87' lang='lat' dir='ltr'>rectae</span> <span class='ocrx_word' id='word_1_362' title='bbox 1506 1689 1519 1726; x_wconf 91' lang='lat' dir='ltr'>i</span> <span class='ocrx_word' id='word_1_363' title='bbox 1534 1698 1574 1735; x_wconf 85' lang='grc' dir='ltr'>λ,</span> <span class='ocrx_word' id='word_1_364' title='bbox 1598 1689 1619 1726; x_wconf 95' lang='lat' dir='ltr'>I</span> <span class='ocrx_word' id='word_1_365' title='bbox 1635 1706 1662 1738; x_wconf 78' lang='grc' dir='ltr'>μ</span> <span class='ocrx_word' id='word_1_366' title='bbox 1678 1688 1856 1726; x_wconf 85' lang='lat' dir='ltr'>diametri</span> <span class='ocrx_word' id='word_1_367' title='bbox 1875 1689 2049 1740; x_wconf 85' lang='lat' dir='ltr'>ejusdem</span> <span class='ocrx_word' id='word_1_368' title='bbox 2068 1690 2194 1738; x_wconf 87' lang='lat' dir='ltr'>paral-</span> 
     </span>
     <span class='ocr_line' id='line_1_48' title="bbox 1139 1741 2194 1795; baseline 0.002 -16"><span class='ocrx_word' id='word_1_369' title='bbox 1139 1741 1384 1794; x_wconf 83' lang='lat' dir='ltr'>lelogrammi</span> <span class='ocrx_word' id='word_1_370' title='bbox 1402 1742 1628 1793; x_wconf 86' lang='lat' dir='ltr'>rectanguli,</span> <span class='ocrx_word' id='word_1_371' title='bbox 1649 1742 1740 1780; x_wconf 90' lang='lat' dir='ltr'>hinc</span> <span class='ocrx_word' id='word_1_372' title='bbox 1759 1743 1812 1790; x_wconf 69' lang='grc' dir='ltr'>αξ</span> <span class='ocrx_word' id='word_1_373' title='bbox 1825 1759 1882 1779; x_wconf 91' lang='lat'><strong><em>=</em></strong></span> <span class='ocrx_word' id='word_1_374' title='bbox 1899 1749 1923 1781; x_wconf 83' lang='lat'><strong>3</strong></span> <span class='ocrx_word' id='word_1_375' title='bbox 1936 1759 1958 1780; x_wconf 85' lang='lat' dir='ltr'>a·</span> <span class='ocrx_word' id='word_1_376' title='bbox 1972 1743 1999 1781; x_wconf 91' lang='lat' dir='ltr'>S</span> <span class='ocrx_word' id='word_1_377' title='bbox 2011 1744 2064 1795; x_wconf 66' lang='lat' dir='ltr'>-l-</span> <span class='ocrx_word' id='word_1_378' title='bbox 2075 1748 2100 1781; x_wconf 78' lang='lat'><strong>3</strong></span> <span class='ocrx_word' id='word_1_379' title='bbox 2118 1744 2138 1781; x_wconf 92' lang='grc' dir='ltr'>Ι</span> <span class='ocrx_word' id='word_1_380' title='bbox 2151 1761 2194 1793; x_wconf 78' lang='grc' dir='ltr'>μ..</span> 
     </span>
     <span class='ocr_line' id='line_1_49' title="bbox 1144 1794 2194 1847; baseline 0.001 -13"><span class='ocrx_word' id='word_1_381' title='bbox 1144 1795 1279 1840; x_wconf 72' lang='lat' dir='ltr'>Quare</span> <span class='ocrx_word' id='word_1_382' title='bbox 1300 1795 1432 1847; x_wconf 79' lang='lat'>(140.)</span> <span class='ocrx_word' id='word_1_383' title='bbox 1453 1804 1643 1844; x_wconf 90' lang='lat' dir='ltr'>punctum</span> <span class='ocrx_word' id='word_1_384' title='bbox 1662 1796 1694 1843; x_wconf 81' lang='grc' dir='ltr'>ξ,</span> <span class='ocrx_word' id='word_1_385' title='bbox 1716 1794 1832 1844; x_wconf 67' lang='lat' dir='ltr'>supra</span> <span class='ocrx_word' id='word_1_386' title='bbox 1851 1796 2065 1841; x_wconf 89' lang='lat' dir='ltr'>inventum,</span> <span class='ocrx_word' id='word_1_387' title='bbox 2094 1796 2194 1835; x_wconf 79' lang='lat' dir='ltr'>illud</span> 
     </span>
     <span class='ocr_line' id='line_1_50' title="bbox 1139 1849 2193 1900; baseline 0.002 -14"><span class='ocrx_word' id='word_1_388' title='bbox 1139 1856 1197 1887; x_wconf 89' lang='lat' dir='ltr'>est</span> <span class='ocrx_word' id='word_1_389' title='bbox 1216 1862 1262 1887; x_wconf 85' lang='lat' dir='ltr'>ex</span> <span class='ocrx_word' id='word_1_390' title='bbox 1281 1862 1360 1900; x_wconf 93' lang='lat' dir='ltr'>quo</span> <span class='ocrx_word' id='word_1_391' title='bbox 1377 1851 1493 1887; x_wconf 84' lang='lat' dir='ltr'>ducta</span> <span class='ocrx_word' id='word_1_392' title='bbox 1510 1858 1724 1898; x_wconf 92' lang='lat' dir='ltr'>utcumque</span> <span class='ocrx_word' id='word_1_393' title='bbox 1742 1857 1846 1887; x_wconf 85' lang='lat' dir='ltr'>recta</span> <span class='ocrx_word' id='word_1_394' title='bbox 1859 1849 1997 1886; x_wconf 89' lang='lat' dir='ltr'>dividit</span> <span class='ocrx_word' id='word_1_395' title='bbox 2008 1849 2193 1888; x_wconf 85' lang='lat' dir='ltr'>chordam</span> 
     </span>
     <span class='ocr_line' id='line_1_51' title="bbox 1145 1902 2194 1952; baseline 0.001 -12"><span class='ocrx_word' id='word_1_396' title='bbox 1145 1902 1177 1940; x_wconf 93' lang='lat' dir='ltr'>C</span> <span class='ocrx_word' id='word_1_397' title='bbox 1200 1904 1239 1940; x_wconf 94' lang='lat' dir='ltr'>A</span> <span class='ocrx_word' id='word_1_398' title='bbox 1269 1904 1310 1940; x_wconf 89' lang='lat' dir='ltr'>in</span> <span class='ocrx_word' id='word_1_399' title='bbox 1338 1903 1487 1940; x_wconf 87' lang='lat' dir='ltr'>ratione</span> <span class='ocrx_word' id='word_1_400' title='bbox 1518 1910 1739 1951; x_wconf 83' lang='lat' dir='ltr'>temporum</span> <span class='ocrx_word' id='word_1_401' title='bbox 1766 1902 1907 1952; x_wconf 91' lang='lat' dir='ltr'>quibus</span> <span class='ocrx_word' id='word_1_402' title='bbox 1933 1903 2035 1940; x_wconf 89' lang='lat' dir='ltr'>binae</span> <span class='ocrx_word' id='word_1_403' title='bbox 2067 1911 2194 1952; x_wconf 87' lang='lat' dir='ltr'>partes</span> 
     </span>
     <span class='ocr_line' id='line_1_52' title="bbox 1139 1953 2194 2004; baseline 0.003 -12"><span class='ocrx_word' id='word_1_404' title='bbox 1139 1955 1251 1993; x_wconf 69' lang='lat' dir='ltr'>arcus</span> <span class='ocrx_word' id='word_1_405' title='bbox 1283 1957 1320 1993; x_wconf 96' lang='lat' dir='ltr'>A</span> <span class='ocrx_word' id='word_1_406' title='bbox 1344 1958 1376 1994; x_wconf 92' lang='lat' dir='ltr'>C</span> <span class='ocrx_word' id='word_1_407' title='bbox 1409 1958 1457 1994; x_wconf 86' lang='lat' dir='ltr'>ab</span> <span class='ocrx_word' id='word_1_408' title='bbox 1485 1953 1622 1993; x_wconf 67' lang='lat' dir='ltr'>eadem</span> <span class='ocrx_word' id='word_1_409' title='bbox 1649 1955 1752 1993; x_wconf 67' lang='lat' dir='ltr'>recta</span> <span class='ocrx_word' id='word_1_410' title='bbox 1778 1955 1967 2004; x_wconf 69' lang='lat' dir='ltr'>producta</span> <span class='ocrx_word' id='word_1_411' title='bbox 1986 1963 2139 2001; x_wconf 82' lang='lat' dir='ltr'>notatae,</span> <span class='ocrx_word' id='word_1_412' title='bbox 2169 1970 2194 1995; x_wconf 90' lang='lat' dir='ltr'>a</span> 
     </span>
     <span class='ocr_line' id='line_1_53' title="bbox 1138 2008 2190 2060; baseline 0.003 -15"><span class='ocrx_word' id='word_1_413' title='bbox 1138 2009 1289 2046; x_wconf 68' lang='lat' dir='ltr'>cometa</span> <span class='ocrx_word' id='word_1_414' title='bbox 1315 2008 1595 2047; x_wconf 89' lang='lat' dir='ltr'>describuntur.</span> <span class='ocrx_word' id='word_1_415' title='bbox 1658 2008 1802 2047; x_wconf 68' lang='lat' dir='ltr'>Deleta</span> <span class='ocrx_word' id='word_1_416' title='bbox 1828 2009 1959 2060; x_wconf 81' lang='lat' dir='ltr'>igitur,</span> <span class='ocrx_word' id='word_1_417' title='bbox 1993 2010 2042 2047; x_wconf 90' lang='lat' dir='ltr'>ad</span> <span class='ocrx_word' id='word_1_418' title='bbox 2069 2009 2190 2048; x_wconf 87' lang='lat' dir='ltr'>vitan-</span> 
     </span>
     <span class='ocr_line' id='line_1_54' title="bbox 1139 2061 2190 2111; baseline 0.002 -12"><span class='ocrx_word' id='word_1_419' title='bbox 1139 2061 1230 2099; x_wconf 88' lang='lat' dir='ltr'>dam</span> <span class='ocrx_word' id='word_1_420' title='bbox 1258 2062 1540 2108; x_wconf 86' lang='lat' dir='ltr'>confusionem,</span> <span class='ocrx_word' id='word_1_421' title='bbox 1567 2062 1694 2111; x_wconf 83' lang='lat' dir='ltr'>priore</span> <span class='ocrx_word' id='word_1_422' title='bbox 1724 2063 1760 2101; x_wconf 94' lang='lat' dir='ltr'><strong>B</strong></span> <span class='ocrx_word' id='word_1_423' title='bbox 1779 2063 1821 2101; x_wconf 87' lang='grc' dir='ltr'>-Ε</span> <span class='ocrx_word' id='word_1_424' title='bbox 1850 2075 1982 2101; x_wconf 87' lang='lat' dir='ltr'>versus</span> <span class='ocrx_word' id='word_1_425' title='bbox 2004 2063 2031 2101; x_wconf 94' lang='lat' dir='ltr'>S</span> <span class='ocrx_word' id='word_1_426' title='bbox 2059 2062 2190 2111; x_wconf 69' lang='lat' dir='ltr'>ducta,</span> 
     </span>
     <span class='ocr_line' id='line_1_55' title="bbox 1138 2115 2194 2166; baseline 0.004 -14"><span class='ocrx_word' id='word_1_427' title='bbox 1138 2123 1224 2153; x_wconf 86' lang='lat' dir='ltr'>acta</span> <span class='ocrx_word' id='word_1_428' title='bbox 1252 2123 1309 2153; x_wconf 91' lang='lat' dir='ltr'>est</span> <span class='ocrx_word' id='word_1_429' title='bbox 1340 2128 1440 2153; x_wconf 86' lang='lat' dir='ltr'>nova</span> <span class='ocrx_word' id='word_1_430' title='bbox 1469 2128 1601 2153; x_wconf 88' lang='lat' dir='ltr'>versus</span> <span class='ocrx_word' id='word_1_431' title='bbox 1624 2118 1656 2163; x_wconf 78' lang='grc' dir='ltr'>ξ,</span> <span class='ocrx_word' id='word_1_432' title='bbox 1680 2128 1767 2166; x_wconf 87' lang='lat' dir='ltr'>quae</span> <span class='ocrx_word' id='word_1_433' title='bbox 1796 2123 1853 2154; x_wconf 90' lang='lat' dir='ltr'>est</span> <span class='ocrx_word' id='word_1_434' title='bbox 1879 2115 1929 2154; x_wconf 92' lang='lat' dir='ltr'>ad</span> <span class='ocrx_word' id='word_1_435' title='bbox 1956 2118 2121 2165; x_wconf 85' lang='lat' dir='ltr'>priorem</span> <span class='ocrx_word' id='word_1_436' title='bbox 2146 2125 2194 2156; x_wconf 89' lang='lat' dir='ltr'>ut</span> 
     </span>
     <span class='ocr_line' id='line_1_56' title="bbox 1137 2168 2193 2222; baseline 0.003 -16"><span class='ocrx_word' id='word_1_437' title='bbox 1137 2168 1370 2219; x_wconf 84' lang='lat' dir='ltr'>quadratum</span> <span class='ocrx_word' id='word_1_438' title='bbox 1406 2169 1529 2218; x_wconf 88' lang='lat' dir='ltr'>ipsius</span> <span class='ocrx_word' id='word_1_439' title='bbox 1568 2169 1595 2208; x_wconf 90' lang='lat' dir='ltr'>S</span> <span class='ocrx_word' id='word_1_440' title='bbox 1628 2170 1675 2215; x_wconf 93' lang='lat' dir='ltr'>B,</span> <span class='ocrx_word' id='word_1_441' title='bbox 1715 2169 1766 2207; x_wconf 88' lang='lat' dir='ltr'>ad</span> <span class='ocrx_word' id='word_1_442' title='bbox 1800 2169 2035 2222; x_wconf 88' lang='lat' dir='ltr'>quadratum</span> <span class='ocrx_word' id='word_1_443' title='bbox 2070 2169 2193 2219; x_wconf 88' lang='lat' dir='ltr'>ipsius</span> 
     </span>
    </p>
   </div>
   <div class='ocr_carea' id='block_1_17' title="bbox 1140 2226 2191 2326">
    <p class='ocr_par' dir='ltr' id='par_1_17' title="bbox 1140 2226 2191 2326">
     <span class='ocr_line' id='line_1_57' title="bbox 1326 2226 2024 2263; baseline 0.006 -4"><span class='ocrx_word' id='word_1_444' title='bbox 1326 2226 1344 2259; x_wconf 87' lang='lat'>1</span> <span class='ocrx_word' id='word_1_445' title='bbox 1383 2254 1394 2262; x_wconf 85' lang='lat'><strong>.</strong></span> <span class='ocrx_word' id='word_1_446' title='bbox 2014 2256 2024 2263; x_wconf 90' lang='lat'>.</span> 
     </span>
     <span class='ocr_line' id='line_1_58' title="bbox 1140 2253 2191 2326; baseline 0.004 -34"><span class='ocrx_word' id='word_1_447' title='bbox 1140 2254 1168 2292; x_wconf 91' lang='lat' dir='ltr'>S</span> <span class='ocrx_word' id='word_1_448' title='bbox 1185 2271 1217 2305; x_wconf 70' lang='grc' dir='ltr'>μ,</span> <span class='ocrx_word' id='word_1_449' title='bbox 1236 2253 1290 2307; x_wconf 64' lang='grc' dir='ltr'>-ξ-</span> <span class='ocrx_word' id='word_1_450' title='bbox 1312 2278 1365 2326; x_wconf 55' lang='lat'><em>3</em></span> <span class='ocrx_word' id='word_1_451' title='bbox 1381 2268 1395 2292; x_wconf 90' lang='lat'>1</span> <span class='ocrx_word' id='word_1_452' title='bbox 1414 2263 1453 2303; x_wconf 74' lang='grc' dir='ltr'>λ,</span> <span class='ocrx_word' id='word_1_453' title='bbox 1473 2256 1547 2294; x_wconf 87' lang='lat' dir='ltr'>hoc</span> <span class='ocrx_word' id='word_1_454' title='bbox 1566 2262 1623 2295; x_wconf 87' lang='lat' dir='ltr'>est</span> <span class='ocrx_word' id='word_1_455' title='bbox 1645 2262 1801 2306; x_wconf 87' lang='lat' dir='ltr'>propter</span> <span class='ocrx_word' id='word_1_456' title='bbox 1819 2255 1987 2307; x_wconf 87' lang='lat' dir='ltr'>aequales</span> <span class='ocrx_word' id='word_1_457' title='bbox 2011 2268 2025 2293; x_wconf 93' lang='lat'>1</span> <span class='ocrx_word' id='word_1_458' title='bbox 2053 2264 2091 2300; x_wconf 83' lang='grc' dir='ltr'>λ,</span> <span class='ocrx_word' id='word_1_459' title='bbox 2109 2257 2130 2295; x_wconf 90' lang='grc' dir='ltr'>Ι</span> <span class='ocrx_word' id='word_1_460' title='bbox 2159 2273 2191 2307; x_wconf 76' lang='grc' dir='ltr'><strong><em>μ</em></strong></span> 
     </span>
    </p>
   </div>
   <div class='ocr_carea' id='block_1_18' title="bbox 1136 2345 2193 2447">
    <p class='ocr_par' dir='ltr' id='par_1_18' title="bbox 1136 2345 2193 2447">
     <span class='ocr_line' id='line_1_59' title="bbox 1136 2345 2193 2447; baseline 0.003 -37"><span class='ocrx_word' id='word_1_461' title='bbox 1136 2371 1186 2410; x_wconf 89' lang='lat' dir='ltr'>ad</span> <span class='ocrx_word' id='word_1_462' title='bbox 1214 2373 1445 2425; x_wconf 86' lang='lat' dir='ltr'>quadratum</span> <span class='ocrx_word' id='word_1_463' title='bbox 1472 2375 1593 2425; x_wconf 89' lang='lat' dir='ltr'>ipsius</span> <span class='ocrx_word' id='word_1_464' title='bbox 1628 2375 1655 2415; x_wconf 92' lang='lat' dir='ltr'>S</span> <span class='ocrx_word' id='word_1_465' title='bbox 1675 2392 1706 2425; x_wconf 77' lang='grc' dir='ltr'>μ,</span> <span class='ocrx_word' id='word_1_466' title='bbox 1733 2375 1787 2429; x_wconf 68' lang='lat'>-1-</span> <span class='ocrx_word' id='word_1_467' title='bbox 1815 2345 1864 2447; x_wconf 58' lang='grc' dir='ltr'>-ὲ-</span> <span class='ocrx_word' id='word_1_468' title='bbox 1884 2374 1903 2412; x_wconf 93' lang='grc' dir='ltr'>Ι</span> <span class='ocrx_word' id='word_1_469' title='bbox 1916 2391 1959 2425; x_wconf 81' lang='grc' dir='ltr'>μ,</span> <span class='ocrx_word' id='word_1_470' title='bbox 1980 2381 2020 2413; x_wconf 91' lang='lat' dir='ltr'>et</span> <span class='ocrx_word' id='word_1_471' title='bbox 2040 2375 2068 2414; x_wconf 92' lang='lat' dir='ltr'>S</span> <span class='ocrx_word' id='word_1_472' title='bbox 2082 2374 2119 2414; x_wconf 95' lang='lat' dir='ltr'>B</span> <span class='ocrx_word' id='word_1_473' title='bbox 2134 2381 2193 2414; x_wconf 89' lang='lat' dir='ltr'>est</span> 
     </span>
    </p>
   </div>
   <div class='ocr_carea' id='block_1_19' title="bbox 1133 2459 2197 3474">
    <p class='ocr_par' dir='ltr' id='par_1_19' title="bbox 1133 2459 2193 3154">
     <span class='ocr_line' id='line_1_60' title="bbox 1137 2459 2190 2513; baseline 0.002 -16"><span class='ocrx_word' id='word_1_474' title='bbox 1137 2461 1432 2510; x_wconf 71' lang='lat' dir='ltr'>quamproxime</span> <span class='ocrx_word' id='word_1_475' title='bbox 1460 2462 1618 2513; x_wconf 88' lang='lat' dir='ltr'>aequalis</span> <span class='ocrx_word' id='word_1_476' title='bbox 1649 2462 1723 2511; x_wconf 89' lang='lat' dir='ltr'>ipsi</span> <span class='ocrx_word' id='word_1_477' title='bbox 1763 2463 1790 2501; x_wconf 87' lang='lat' dir='ltr'>S</span> <span class='ocrx_word' id='word_1_478' title='bbox 1817 2479 1862 2513; x_wconf 70' lang='lat' dir='ltr'>pc.</span> <span class='ocrx_word' id='word_1_479' title='bbox 1924 2459 2058 2506; x_wconf 67' lang='lat' dir='ltr'>Quare</span> <span class='ocrx_word' id='word_1_480' title='bbox 2089 2473 2190 2499; x_wconf 84' lang='lat' dir='ltr'>nova</span> 
     </span>
     <span class='ocr_line' id='line_1_61' title="bbox 1140 2513 2185 2565; baseline 0.001 -15"><span class='ocrx_word' id='word_1_481' title='bbox 1140 2513 1177 2550; x_wconf 92' lang='grc' dir='ltr'>Β</span> <span class='ocrx_word' id='word_1_482' title='bbox 1200 2514 1250 2559; x_wconf 90' lang='grc' dir='ltr'>Ε,</span> <span class='ocrx_word' id='word_1_483' title='bbox 1281 2523 1337 2552; x_wconf 89' lang='lat' dir='ltr'>est</span> <span class='ocrx_word' id='word_1_484' title='bbox 1355 2516 1404 2553; x_wconf 86' lang='lat' dir='ltr'>ad</span> <span class='ocrx_word' id='word_1_485' title='bbox 1421 2517 1587 2564; x_wconf 88' lang='lat' dir='ltr'>priorem</span> <span class='ocrx_word' id='word_1_486' title='bbox 1619 2517 1654 2554; x_wconf 89' lang='lat' dir='ltr'><strong>B</strong></span> <span class='ocrx_word' id='word_1_487' title='bbox 1677 2517 1727 2562; x_wconf 88' lang='lat' dir='ltr'>E,</span> <span class='ocrx_word' id='word_1_488' title='bbox 1756 2525 1802 2554; x_wconf 89' lang='lat' dir='ltr'>ut</span> <span class='ocrx_word' id='word_1_489' title='bbox 1824 2517 1851 2553; x_wconf 89' lang='lat' dir='ltr'>S</span> <span class='ocrx_word' id='word_1_490' title='bbox 1868 2532 1899 2565; x_wconf 78' lang='grc' dir='ltr'><em>μ</em></span> <span class='ocrx_word' id='word_1_491' title='bbox 1918 2517 1948 2559; x_wconf 85' lang='lat'>2,</span> <span class='ocrx_word' id='word_1_492' title='bbox 1970 2514 2020 2551; x_wconf 90' lang='lat' dir='ltr'>ad</span> <span class='ocrx_word' id='word_1_493' title='bbox 2042 2515 2069 2552; x_wconf 92' lang='lat' dir='ltr'>S</span> <span class='ocrx_word' id='word_1_494' title='bbox 2091 2515 2132 2552; x_wconf 94' lang='lat' dir='ltr'>N</span> <span class='ocrx_word' id='word_1_495' title='bbox 2152 2517 2185 2559; x_wconf 84' lang='lat'>²,</span> 
     </span>
     <span class='ocr_line' id='line_1_62' title="bbox 1136 2566 2189 2618; baseline 0.002 -15"><span class='ocrx_word' id='word_1_496' title='bbox 1136 2566 1262 2614; x_wconf 67' lang='lat' dir='ltr'>posita</span> <span class='ocrx_word' id='word_1_497' title='bbox 1289 2585 1319 2616; x_wconf 77' lang='grc' dir='ltr'><em>μ</em></span> <span class='ocrx_word' id='word_1_498' title='bbox 1351 2569 1391 2606; x_wconf 93' lang='lat' dir='ltr'>N</span> <span class='ocrx_word' id='word_1_499' title='bbox 1423 2570 1561 2608; x_wconf 80' lang='lat' dir='ltr'>triente</span> <span class='ocrx_word' id='word_1_500' title='bbox 1593 2569 1713 2618; x_wconf 89' lang='lat' dir='ltr'>ipsius</span> <span class='ocrx_word' id='word_1_501' title='bbox 1747 2569 1769 2607; x_wconf 98' lang='lat' dir='ltr'>I</span> <span class='ocrx_word' id='word_1_502' title='bbox 1787 2587 1831 2618; x_wconf 81' lang='grc' dir='ltr'>μ,</span> <span class='ocrx_word' id='word_1_503' title='bbox 1866 2568 1945 2606; x_wconf 90' lang='lat' dir='ltr'>sive</span> <span class='ocrx_word' id='word_1_504' title='bbox 1971 2568 1982 2604; x_wconf 93' lang='lat' dir='ltr'>i</span> <span class='ocrx_word' id='word_1_505' title='bbox 2009 2576 2047 2613; x_wconf 83' lang='grc' dir='ltr'>λ,</span> <span class='ocrx_word' id='word_1_506' title='bbox 2077 2574 2123 2605; x_wconf 89' lang='lat' dir='ltr'>ut</span> <span class='ocrx_word' id='word_1_507' title='bbox 2146 2567 2189 2605; x_wconf 92' lang='lat' dir='ltr'>in</span> 
     </span>
     <span class='ocr_line' id='line_1_63' title="bbox 1137 2621 2188 2673; baseline 0.003 -17"><span class='ocrx_word' id='word_1_508' title='bbox 1137 2628 1277 2657; x_wconf 90' lang='lat' dir='ltr'>constr.</span> <span class='ocrx_word' id='word_1_509' title='bbox 1306 2621 1420 2658; x_wconf 90' lang='lat' dir='ltr'>Lem.</span> <span class='ocrx_word' id='word_1_510' title='bbox 1447 2623 1502 2659; x_wconf 85' lang='lat' dir='ltr'>X.</span> <span class='ocrx_word' id='word_1_511' title='bbox 1564 2622 1720 2660; x_wconf 88' lang='lat' dir='ltr'>Deinde</span> <span class='ocrx_word' id='word_1_512' title='bbox 1747 2622 1913 2673; x_wconf 88' lang='lat' dir='ltr'>gravitas</span> <span class='ocrx_word' id='word_1_513' title='bbox 1940 2621 2188 2659; x_wconf 84' lang='lat' dir='ltr'>acceleratrix</span> 
     </span>
     <span class='ocr_line' id='line_1_64' title="bbox 1136 2674 2186 2727; baseline 0.001 -18"><span class='ocrx_word' id='word_1_514' title='bbox 1136 2685 1267 2710; x_wconf 86' lang='lat' dir='ltr'>versus</span> <span class='ocrx_word' id='word_1_515' title='bbox 1289 2674 1418 2711; x_wconf 90' lang='lat' dir='ltr'>Solem</span> <span class='ocrx_word' id='word_1_516' title='bbox 1437 2675 1476 2711; x_wconf 89' lang='lat' dir='ltr'>in</span> <span class='ocrx_word' id='word_1_517' title='bbox 1497 2677 1582 2713; x_wconf 94' lang='lat' dir='ltr'>loco</span> <span class='ocrx_word' id='word_1_518' title='bbox 1603 2676 1656 2721; x_wconf 93' lang='lat' dir='ltr'>N,</span> <span class='ocrx_word' id='word_1_519' title='bbox 1678 2683 1735 2713; x_wconf 87' lang='lat' dir='ltr'>est</span> <span class='ocrx_word' id='word_1_520' title='bbox 1752 2675 1803 2713; x_wconf 87' lang='lat' dir='ltr'>ad</span> <span class='ocrx_word' id='word_1_521' title='bbox 1828 2675 2058 2727; x_wconf 82' lang='lat' dir='ltr'>gravitatem</span> <span class='ocrx_word' id='word_1_522' title='bbox 2077 2687 2186 2712; x_wconf 67' lang='lat' dir='ltr'>acce-</span> 
     </span>
     <span class='ocr_line' id='line_1_65' title="bbox 1135 2725 2187 2777; baseline 0.005 -15"><span class='ocrx_word' id='word_1_523' title='bbox 1135 2725 1349 2764; x_wconf 86' lang='lat' dir='ltr'>leratricem</span> <span class='ocrx_word' id='word_1_524' title='bbox 1381 2741 1512 2765; x_wconf 83' lang='lat' dir='ltr'>versus</span> <span class='ocrx_word' id='word_1_525' title='bbox 1544 2728 1712 2766; x_wconf 76' lang='lat' dir='ltr'>eundem</span> <span class='ocrx_word' id='word_1_526' title='bbox 1745 2729 1786 2766; x_wconf 89' lang='lat' dir='ltr'>in</span> <span class='ocrx_word' id='word_1_527' title='bbox 1811 2729 1897 2768; x_wconf 89' lang='lat' dir='ltr'>loco</span> <span class='ocrx_word' id='word_1_528' title='bbox 1919 2729 1969 2773; x_wconf 90' lang='lat' dir='ltr'>B,</span> <span class='ocrx_word' id='word_1_529' title='bbox 1998 2727 2059 2774; x_wconf 82' lang='lat' dir='ltr'>vel</span> <span class='ocrx_word' id='word_1_530' title='bbox 2077 2744 2120 2777; x_wconf 76' lang='grc' dir='ltr'>μ,</span> <span class='ocrx_word' id='word_1_531' title='bbox 2140 2735 2187 2767; x_wconf 83' lang='lat' dir='ltr'>ut</span> 
     </span>
     <span class='ocr_line' id='line_1_66' title="bbox 1139 2780 2187 2831; baseline 0.003 -15"><span class='ocrx_word' id='word_1_532' title='bbox 1139 2780 1167 2817; x_wconf 91' lang='lat' dir='ltr'>S</span> <span class='ocrx_word' id='word_1_533' title='bbox 1189 2780 1223 2817; x_wconf 90' lang='lat' dir='ltr'>B</span> <span class='ocrx_word' id='word_1_534' title='bbox 1244 2782 1263 2802; x_wconf 88' lang='lat'>2</span> <span class='ocrx_word' id='word_1_535' title='bbox 1283 2780 1342 2817; x_wconf 91' lang='lat' dir='ltr'>vel</span> <span class='ocrx_word' id='word_1_536' title='bbox 1365 2781 1391 2818; x_wconf 91' lang='lat' dir='ltr'>S</span> <span class='ocrx_word' id='word_1_537' title='bbox 1408 2799 1439 2831; x_wconf 78' lang='grc' dir='ltr'><em>μ</em></span> <span class='ocrx_word' id='word_1_538' title='bbox 1457 2783 1477 2804; x_wconf 82' lang='lat'><em>2</em></span> <span class='ocrx_word' id='word_1_539' title='bbox 1496 2781 1546 2819; x_wconf 91' lang='lat' dir='ltr'>ad</span> <span class='ocrx_word' id='word_1_540' title='bbox 1564 2782 1594 2819; x_wconf 88' lang='lat' dir='ltr'>S</span> <span class='ocrx_word' id='word_1_541' title='bbox 1616 2782 1655 2819; x_wconf 89' lang='lat' dir='ltr'>N</span> <span class='ocrx_word' id='word_1_542' title='bbox 1674 2784 1705 2818; x_wconf 89' lang='lat'>2.</span> <span class='ocrx_word' id='word_1_543' title='bbox 1769 2780 1963 2821; x_wconf 66' lang='lat' dir='ltr'>Praeterea</span> <span class='ocrx_word' id='word_1_544' title='bbox 1981 2782 2187 2831; x_wconf 85' lang='lat' dir='ltr'>gravitates</span> 
     </span>
     <span class='ocr_line' id='line_1_67' title="bbox 1135 2833 2185 2882; baseline 0.002 -12"><span class='ocrx_word' id='word_1_545' title='bbox 1135 2833 1418 2872; x_wconf 83' lang='lat' dir='ltr'>acceleratrices</span> <span class='ocrx_word' id='word_1_546' title='bbox 1435 2847 1566 2872; x_wconf 85' lang='lat' dir='ltr'>versus</span> <span class='ocrx_word' id='word_1_547' title='bbox 1588 2835 1718 2873; x_wconf 90' lang='lat' dir='ltr'>Solem</span> <span class='ocrx_word' id='word_1_548' title='bbox 1745 2835 1787 2873; x_wconf 91' lang='lat' dir='ltr'>in</span> <span class='ocrx_word' id='word_1_549' title='bbox 1805 2835 1996 2874; x_wconf 88' lang='lat' dir='ltr'>distantiis</span> <span class='ocrx_word' id='word_1_550' title='bbox 2014 2834 2185 2882; x_wconf 89' lang='lat' dir='ltr'>diversis,</span> 
     </span>
     <span class='ocr_line' id='line_1_68' title="bbox 1134 2887 2186 2938; baseline 0.004 -16"><span class='ocrx_word' id='word_1_551' title='bbox 1134 2888 1382 2925; x_wconf 85' lang='lat' dir='ltr'>manentibus</span> <span class='ocrx_word' id='word_1_552' title='bbox 1407 2887 1518 2925; x_wconf 90' lang='lat' dir='ltr'>dictis</span> <span class='ocrx_word' id='word_1_553' title='bbox 1537 2888 1692 2935; x_wconf 90' lang='lat' dir='ltr'>viribus,</span> <span class='ocrx_word' id='word_1_554' title='bbox 1722 2896 1814 2927; x_wconf 91' lang='lat' dir='ltr'>sunt</span> <span class='ocrx_word' id='word_1_555' title='bbox 1832 2898 1878 2928; x_wconf 89' lang='lat' dir='ltr'>ut</span> <span class='ocrx_word' id='word_1_556' title='bbox 1903 2888 2024 2938; x_wconf 85' lang='lat' dir='ltr'>spatia</span> <span class='ocrx_word' id='word_1_557' title='bbox 2047 2888 2186 2926; x_wconf 86' lang='lat' dir='ltr'>eodem</span> 
     </span>
     <span class='ocr_line' id='line_1_69' title="bbox 1133 2941 2186 2991; baseline 0.005 -15"><span class='ocrx_word' id='word_1_558' title='bbox 1133 2946 1308 2988; x_wconf 88' lang='lat' dir='ltr'>tempore</span> <span class='ocrx_word' id='word_1_559' title='bbox 1336 2954 1467 2979; x_wconf 87' lang='lat' dir='ltr'>versus</span> <span class='ocrx_word' id='word_1_560' title='bbox 1500 2942 1629 2980; x_wconf 82' lang='lat' dir='ltr'>Solem</span> <span class='ocrx_word' id='word_1_561' title='bbox 1666 2941 1840 2980; x_wconf 89' lang='lat' dir='ltr'>cadendo</span> <span class='ocrx_word' id='word_1_562' title='bbox 1872 2943 2087 2991; x_wconf 81' lang='lat' dir='ltr'>descripta3</span> <span class='ocrx_word' id='word_1_563' title='bbox 2127 2949 2186 2981; x_wconf 85' lang='lat' dir='ltr'>est</span> 
     </span>
     <span class='ocr_line' id='line_1_70' title="bbox 1133 2993 2185 3045; baseline 0.004 -16"><span class='ocrx_word' id='word_1_564' title='bbox 1133 2993 1254 3043; x_wconf 86' lang='lat' dir='ltr'>igitur</span> <span class='ocrx_word' id='word_1_565' title='bbox 1280 3006 1380 3032; x_wconf 87' lang='lat' dir='ltr'>nova</span> <span class='ocrx_word' id='word_1_566' title='bbox 1409 2995 1446 3033; x_wconf 94' lang='lat' dir='ltr'>B</span> <span class='ocrx_word' id='word_1_567' title='bbox 1467 2995 1519 3041; x_wconf 91' lang='lat' dir='ltr'>E,</span> <span class='ocrx_word' id='word_1_568' title='bbox 1548 2996 1595 3033; x_wconf 89' lang='lat' dir='ltr'>ad</span> <span class='ocrx_word' id='word_1_569' title='bbox 1624 2994 1790 3045; x_wconf 85' lang='lat' dir='ltr'>priorem</span> <span class='ocrx_word' id='word_1_570' title='bbox 1813 2998 1849 3034; x_wconf 93' lang='lat' dir='ltr'><strong>B</strong></span> <span class='ocrx_word' id='word_1_571' title='bbox 1872 2997 1923 3042; x_wconf 85' lang='lat' dir='ltr'>E,</span> <span class='ocrx_word' id='word_1_572' title='bbox 1952 3003 1997 3034; x_wconf 90' lang='lat' dir='ltr'>ut</span> <span class='ocrx_word' id='word_1_573' title='bbox 2015 2995 2185 3045; x_wconf 88' lang='lat' dir='ltr'>spatium</span> 
     </span>
     <span class='ocr_line' id='line_1_71' title="bbox 1135 3048 2183 3100; baseline 0.004 -18"><span class='ocrx_word' id='word_1_574' title='bbox 1135 3058 1265 3083; x_wconf 84' lang='lat' dir='ltr'>versus</span> <span class='ocrx_word' id='word_1_575' title='bbox 1305 3048 1435 3086; x_wconf 86' lang='lat' dir='ltr'>Solem</span> <span class='ocrx_word' id='word_1_576' title='bbox 1471 3049 1645 3087; x_wconf 88' lang='lat' dir='ltr'>cadendo</span> <span class='ocrx_word' id='word_1_577' title='bbox 1679 3062 1917 3098; x_wconf 76' lang='lat' dir='ltr'>percursum,</span> <span class='ocrx_word' id='word_1_578' title='bbox 1948 3056 2113 3100; x_wconf 89' lang='lat' dir='ltr'>urgente</span> <span class='ocrx_word' id='word_1_579' title='bbox 2145 3048 2183 3086; x_wconf 87' lang='lat' dir='ltr'>vi</span> 
     </span>
     <span class='ocr_line' id='line_1_72' title="bbox 1135 3097 2193 3154; baseline 0.003 -18"><span class='ocrx_word' id='word_1_580' title='bbox 1135 3100 1396 3139; x_wconf 83' lang='lat' dir='ltr'>acceleratrice</span> <span class='ocrx_word' id='word_1_581' title='bbox 1415 3115 1502 3153; x_wconf 87' lang='lat' dir='ltr'>quae</span> <span class='ocrx_word' id='word_1_582' title='bbox 1520 3110 1634 3154; x_wconf 86' lang='lat' dir='ltr'>urget</span> <span class='ocrx_word' id='word_1_583' title='bbox 1652 3102 1694 3139; x_wconf 92' lang='lat' dir='ltr'>in</span> <span class='ocrx_word' id='word_1_584' title='bbox 1714 3103 1799 3141; x_wconf 89' lang='lat' dir='ltr'>loco</span> <span class='ocrx_word' id='word_1_585' title='bbox 1827 3097 1881 3150; x_wconf 89' lang='lat' dir='ltr'>N,</span> <span class='ocrx_word' id='word_1_586' title='bbox 1909 3104 2065 3140; x_wconf 85' lang='lat' dir='ltr'>semisse</span> <span class='ocrx_word' id='word_1_587' title='bbox 2083 3108 2193 3139; x_wconf 88' lang='lat' dir='ltr'>tem-&#39;</span> 
     </span>
    </p>

    <p class='ocr_par' dir='ltr' id='par_1_20' title="bbox 1135 3153 2197 3474">
     <span class='ocr_line' id='line_1_73' title="bbox 1162 3153 2185 3207; baseline 0.003 -17"><span class='ocrx_word' id='word_1_588' title='bbox 1162 3153 1238 3190; x_wconf 91' lang='lat' dir='ltr'>oris</span> <span class='ocrx_word' id='word_1_589' title='bbox 1255 3166 1333 3204; x_wconf 91' lang='lat' dir='ltr'>quo</span> <span class='ocrx_word' id='word_1_590' title='bbox 1351 3165 1501 3193; x_wconf 82' lang='lat' dir='ltr'>cometa</span> <span class='ocrx_word' id='word_1_591' title='bbox 1519 3155 1696 3194; x_wconf 87' lang='lat' dir='ltr'>describit</span> <span class='ocrx_word' id='word_1_592' title='bbox 1713 3169 1847 3195; x_wconf 89' lang='lat' dir='ltr'>arcum</span> <span class='ocrx_word' id='word_1_593' title='bbox 1874 3155 2185 3207; x_wconf 88' lang='lat' dir='ltr'>longitudinibus</span> 
     </span>
     <span class='ocr_line' id='line_1_74' title="bbox 1137 3206 2184 3260; baseline 0.003 -17"><span class='ocrx_word' id='word_1_594' title='bbox 1137 3224 1139 3228; x_wconf 41' lang='lat' dir='ltr'>v</span> <span class='ocrx_word' id='word_1_595' title='bbox 1197 3206 1249 3250; x_wconf 88' lang='lat' dir='ltr'>A,</span> <span class='ocrx_word' id='word_1_596' title='bbox 1280 3207 1317 3245; x_wconf 90' lang='lat' dir='ltr'>T</span> <span class='ocrx_word' id='word_1_597' title='bbox 1339 3209 1386 3254; x_wconf 91' lang='lat' dir='ltr'>C,</span> <span class='ocrx_word' id='word_1_598' title='bbox 1415 3211 1747 3259; x_wconf 86' lang='lat' dir='ltr'>comprehensum,</span> <span class='ocrx_word' id='word_1_599' title='bbox 1777 3210 1826 3248; x_wconf 89' lang='lat' dir='ltr'>ad</span> <span class='ocrx_word' id='word_1_600' title='bbox 1855 3212 2021 3260; x_wconf 89' lang='lat' dir='ltr'>spatium</span> <span class='ocrx_word' id='word_1_601' title='bbox 2046 3208 2184 3247; x_wconf 88' lang='lat' dir='ltr'>eodem</span> 
     </span>
     <span class='ocr_line' id='line_1_75' title="bbox 1135 3262 2185 3312; baseline 0.001 -14"><span class='ocrx_word' id='word_1_602' title='bbox 1135 3266 1309 3309; x_wconf 84' lang='lat' dir='ltr'>tempore</span> <span class='ocrx_word' id='word_1_603' title='bbox 1329 3274 1457 3299; x_wconf 86' lang='lat' dir='ltr'>versus</span> <span class='ocrx_word' id='word_1_604' title='bbox 1489 3262 1618 3301; x_wconf 86' lang='lat' dir='ltr'>Solem</span> <span class='ocrx_word' id='word_1_605' title='bbox 1638 3263 1810 3302; x_wconf 88' lang='lat' dir='ltr'>cadendo</span> <span class='ocrx_word' id='word_1_606' title='bbox 1839 3263 2088 3312; x_wconf 89' lang='lat' dir='ltr'>descriptum,</span> <span class='ocrx_word' id='word_1_607' title='bbox 2117 3274 2185 3299; x_wconf 85' lang='lat' dir='ltr'>ur-</span> 
     </span>
     <span class='ocr_line' id='line_1_76' title="bbox 1136 3314 2197 3368; baseline 0.006 -19"><span class='ocrx_word' id='word_1_608' title='bbox 1136 3322 1252 3363; x_wconf 88' lang='lat' dir='ltr'>gente</span> <span class='ocrx_word' id='word_1_609' title='bbox 1270 3314 1306 3351; x_wconf 91' lang='lat' dir='ltr'>vi</span> <span class='ocrx_word' id='word_1_610' title='bbox 1326 3315 1588 3354; x_wconf 85' lang='lat' dir='ltr'>acceleratrice</span> <span class='ocrx_word' id='word_1_611' title='bbox 1606 3329 1695 3366; x_wconf 88' lang='lat' dir='ltr'>quae</span> <span class='ocrx_word' id='word_1_612' title='bbox 1713 3325 1827 3368; x_wconf 86' lang='lat' dir='ltr'>urget</span> <span class='ocrx_word' id='word_1_613' title='bbox 1845 3317 1885 3354; x_wconf 90' lang='lat' dir='ltr'>in</span> <span class='ocrx_word' id='word_1_614' title='bbox 1904 3317 1991 3355; x_wconf 92' lang='lat' dir='ltr'>loco</span> <span class='ocrx_word' id='word_1_615' title='bbox 2013 3318 2062 3355; x_wconf 93' lang='lat' dir='ltr'>B.</span> <span class='ocrx_word' id='word_1_616' title='bbox 2108 3316 2197 3354; x_wconf 47' lang='lat' dir='ltr'>Sed*</span> 
     </span>
     <span class='ocr_line' id='line_1_77' title="bbox 1137 3366 2184 3421; baseline 0.004 -18"><span class='ocrx_word' id='word_1_617' title='bbox 1137 3366 1305 3417; x_wconf 86' lang='lat' dir='ltr'>aequales</span> <span class='ocrx_word' id='word_1_618' title='bbox 1322 3376 1412 3406; x_wconf 87' lang='lat' dir='ltr'>sunt</span> <span class='ocrx_word' id='word_1_619' title='bbox 1430 3369 1547 3419; x_wconf 87' lang='lat' dir='ltr'>hujus</span> <span class='ocrx_word' id='word_1_620' title='bbox 1559 3370 1749 3421; x_wconf 67' lang='lat' dir='ltr'>analogiae</span> <span class='ocrx_word' id='word_1_621' title='bbox 1761 3378 2049 3421; x_wconf 86' lang='lat' dir='ltr'>consequentes,</span> <span class='ocrx_word' id='word_1_622' title='bbox 2065 3381 2184 3420; x_wconf 88' lang='lat' dir='ltr'>quare</span> 
     </span>
     <span class='ocr_line' id='line_1_78' title="bbox 1137 3419 2185 3474; baseline 0.005 -18"><span class='ocrx_word' id='word_1_623' title='bbox 1137 3419 1470 3469; x_wconf 82' lang='lat' dir='ltr'>aequantur&#39;etiam</span> <span class='ocrx_word' id='word_1_624' title='bbox 1482 3423 1762 3470; x_wconf 83' lang='lat' dir='ltr'>antecedentes,</span> <span class='ocrx_word' id='word_1_625' title='bbox 1783 3422 1949 3474; x_wconf 77' lang='lat' dir='ltr'>ideoque</span> <span class='ocrx_word' id='word_1_626' title='bbox 1967 3436 2067 3461; x_wconf 86' lang='lat' dir='ltr'>nova</span> <span class='ocrx_word' id='word_1_627' title='bbox 2080 3432 2185 3461; x_wconf 85' lang='lat' dir='ltr'>recta</span> 
     </span>
    </p>
   </div>
   <div class='ocr_carea' id='block_1_20' title="bbox 1123 3473 2186 3528">
    <p class='ocr_par' dir='ltr' id='par_1_21' title="bbox 1123 3473 2186 3528">
     <span class='ocr_line' id='line_1_79' title="bbox 1123 3473 2186 3528; baseline 0.004 -18"><span class='ocrx_word' id='word_1_628' title='bbox 1123 3473 1177 3518; x_wconf 19' lang='lat' dir='ltr'>*B</span> <span class='ocrx_word' id='word_1_629' title='bbox 1201 3473 1238 3511; x_wconf 93' lang='lat' dir='ltr'><strong>E</strong></span> <span class='ocrx_word' id='word_1_630' title='bbox 1264 3483 1440 3524; x_wconf 84' lang='lat' dir='ltr'>aequatur</span> <span class='ocrx_word' id='word_1_631' title='bbox 1457 3476 1580 3525; x_wconf 78' lang='lat' dir='ltr'>spatio</span> <span class='ocrx_word' id='word_1_632' title='bbox 1598 3489 1622 3514; x_wconf 84' lang='lat' dir='ltr'>a</span> <span class='ocrx_word' id='word_1_633' title='bbox 1647 3490 1763 3528; x_wconf 85' lang='lat' dir='ltr'>grave</span> <span class='ocrx_word' id='word_1_634' title='bbox 1782 3477 1943 3515; x_wconf 85' lang='lat' dir='ltr'>cadente</span> <span class='ocrx_word' id='word_1_635' title='bbox 1961 3490 2093 3515; x_wconf 87' lang='lat' dir='ltr'>versus</span> <span class='ocrx_word' id='word_1_636' title='bbox 2114 3476 2186 3514; x_wconf 89' lang='lat' dir='ltr'>So-</span> 
     </span>
    </p>
   </div>
   <div class='ocr_carea' id='block_1_21' title="bbox 1139 3526 2188 3955">
    <p class='ocr_par' dir='ltr' id='par_1_22' title="bbox 1139 3526 2188 3955">
     <span class='ocr_line' id='line_1_80' title="bbox 1139 3526 2186 3582; baseline 0.005 -19"><span class='ocrx_word' id='word_1_637' title='bbox 1139 3526 1215 3564; x_wconf 89' lang='lat' dir='ltr'>lem</span> <span class='ocrx_word' id='word_1_638' title='bbox 1230 3539 1421 3575; x_wconf 88' lang='lat' dir='ltr'>percurso,</span> <span class='ocrx_word' id='word_1_639' title='bbox 1436 3530 1591 3567; x_wconf 87' lang='lat' dir='ltr'>semisse</span> <span class='ocrx_word' id='word_1_640' title='bbox 1602 3531 1785 3579; x_wconf 88' lang='lat' dir='ltr'>temporis</span> <span class='ocrx_word' id='word_1_641' title='bbox 1796 3538 2037 3582; x_wconf 27' lang='lat' dir='ltr'>quo‘cometa</span> <span class='ocrx_word' id='word_1_642' title='bbox 2049 3542 2186 3568; x_wconf 89' lang='lat' dir='ltr'>arcum</span> 
     </span>
     <span class='ocr_line' id='line_1_81' title="bbox 1147 3580 2187 3635; baseline 0.004 -18"><span class='ocrx_word' id='word_1_643' title='bbox 1147 3582 1184 3617; x_wconf 94' lang='lat' dir='ltr'>A</span> <span class='ocrx_word' id='word_1_644' title='bbox 1206 3580 1247 3621; x_wconf 88' lang='grc' dir='ltr'>Β.Ι</span> <span class='ocrx_word' id='word_1_645' title='bbox 1260 3580 1306 3626; x_wconf 91' lang='lat' dir='ltr'>C,</span> <span class='ocrx_word' id='word_1_646' title='bbox 1320 3581 1361 3617; x_wconf 89' lang='lat' dir='ltr'>in</span> <span class='ocrx_word' id='word_1_647' title='bbox 1374 3582 1551 3631; x_wconf 68' lang='lat' dir='ltr'>ecliptica</span> <span class='ocrx_word' id='word_1_648' title='bbox 1564 3582 1754 3631; x_wconf 89' lang='lat' dir='ltr'>describit,</span> <span class='ocrx_word' id='word_1_649' title='bbox 1769 3591 1934 3635; x_wconf 88' lang='lat' dir='ltr'>urgente</span> <span class='ocrx_word' id='word_1_650' title='bbox 1948 3584 1983 3620; x_wconf 89' lang='lat' dir='ltr'>vi</span> <span class='ocrx_word' id='word_1_651' title='bbox 1998 3583 2187 3621; x_wconf 82' lang='lat' dir='ltr'>accelera-</span> 
     </span>
     <span class='ocr_line' id='line_1_82' title="bbox 1140 3633 2185 3688; baseline 0.004 -18"><span class='ocrx_word' id='word_1_652' title='bbox 1140 3634 1234 3671; x_wconf 87' lang='lat' dir='ltr'>trice</span> <span class='ocrx_word' id='word_1_653' title='bbox 1246 3633 1490 3673; x_wconf 84' lang='lat' dir='ltr'>uniformiter</span> <span class='ocrx_word' id='word_1_654' title='bbox 1501 3635 1727 3675; x_wconf 70' lang='lat' dir='ltr'>continuata</span> <span class='ocrx_word' id='word_1_655' title='bbox 1738 3651 1826 3688; x_wconf 91' lang='lat' dir='ltr'>quae</span> <span class='ocrx_word' id='word_1_656' title='bbox 1841 3638 1881 3674; x_wconf 91' lang='lat' dir='ltr'>in</span> <span class='ocrx_word' id='word_1_657' title='bbox 1894 3636 2075 3675; x_wconf 68' lang='lat' dir='ltr'>distantia</span> <span class='ocrx_word' id='word_1_658' title='bbox 2089 3638 2116 3675; x_wconf 91' lang='lat' dir='ltr'>S</span> <span class='ocrx_word' id='word_1_659' title='bbox 2130 3637 2185 3683; x_wconf 78' lang='lat' dir='ltr'>N,</span> 
     </span>
     <span class='ocr_line' id='line_1_83' title="bbox 1542 3690 2187 3741; baseline 0 -14"><span class='ocrx_word' id='word_1_660' title='bbox 1542 3691 1600 3727; x_wconf 92' lang='lat' dir='ltr'>At</span> <span class='ocrx_word' id='word_1_661' title='bbox 1629 3690 1761 3741; x_wconf 87' lang='lat' dir='ltr'>(Lem.</span> <span class='ocrx_word' id='word_1_662' title='bbox 1790 3691 1894 3740; x_wconf 86' lang='lat' dir='ltr'>XI.)</span> <span class='ocrx_word' id='word_1_663' title='bbox 1924 3690 2090 3738; x_wconf 81' lang='lat' dir='ltr'>spatium</span> <span class='ocrx_word' id='word_1_664' title='bbox 2118 3703 2187 3739; x_wconf 91' lang='lat' dir='ltr'>per</span> 
     </span>
     <span class='ocr_line' id='line_1_84' title="bbox 1140 3739 2187 3793; baseline 0.006 -18"><span class='ocrx_word' id='word_1_665' title='bbox 1140 3739 1245 3789; x_wconf 90' lang='lat' dir='ltr'>quod</span> <span class='ocrx_word' id='word_1_666' title='bbox 1260 3751 1399 3789; x_wconf 87' lang='lat' dir='ltr'>corpus</span> <span class='ocrx_word' id='word_1_667' title='bbox 1416 3741 1557 3781; x_wconf 82' lang='lat' dir='ltr'>decidit</span> <span class='ocrx_word' id='word_1_668' title='bbox 1570 3755 1700 3781; x_wconf 85' lang='lat' dir='ltr'>versus</span> <span class='ocrx_word' id='word_1_669' title='bbox 1718 3744 1846 3782; x_wconf 89' lang='lat' dir='ltr'>Solem</span> <span class='ocrx_word' id='word_1_670' title='bbox 1861 3745 2019 3782; x_wconf 86' lang='lat' dir='ltr'>semisse</span> <span class='ocrx_word' id='word_1_671' title='bbox 2036 3752 2187 3793; x_wconf 83' lang='lat' dir='ltr'>tempo-</span> 
     </span>
     <span class='ocr_line' id='line_1_85' title="bbox 1139 3793 2188 3844; baseline 0.006 -16"><span class='ocrx_word' id='word_1_672' title='bbox 1139 3793 1191 3829; x_wconf 87' lang='lat' dir='ltr'>ris</span> <span class='ocrx_word' id='word_1_673' title='bbox 1209 3804 1288 3842; x_wconf 90' lang='lat' dir='ltr'>quo</span> <span class='ocrx_word' id='word_1_674' title='bbox 1305 3802 1455 3832; x_wconf 85' lang='lat' dir='ltr'>cometa</span> <span class='ocrx_word' id='word_1_675' title='bbox 1474 3796 1652 3834; x_wconf 90' lang='lat' dir='ltr'>describit</span> <span class='ocrx_word' id='word_1_676' title='bbox 1670 3809 1802 3835; x_wconf 90' lang='lat' dir='ltr'>arcum</span> <span class='ocrx_word' id='word_1_677' title='bbox 1827 3799 1864 3836; x_wconf 91' lang='lat' dir='ltr'>A</span> <span class='ocrx_word' id='word_1_678' title='bbox 1888 3798 1923 3836; x_wconf 91' lang='lat' dir='ltr'><strong>B</strong></span> <span class='ocrx_word' id='word_1_679' title='bbox 1948 3798 1994 3844; x_wconf 91' lang='lat' dir='ltr'>C,</span> <span class='ocrx_word' id='word_1_680' title='bbox 2011 3796 2103 3835; x_wconf 72' lang='lat' dir='ltr'>cum</span> <span class='ocrx_word' id='word_1_681' title='bbox 2121 3810 2188 3835; x_wconf 90' lang='lat' dir='ltr'>ur-</span> 
     </span>
     <span class='ocr_line' id='line_1_86' title="bbox 1139 3847 2188 3901; baseline 0.005 -18"><span class='ocrx_word' id='word_1_682' title='bbox 1139 3852 1253 3895; x_wconf 88' lang='lat' dir='ltr'>getur</span> <span class='ocrx_word' id='word_1_683' title='bbox 1270 3847 1308 3884; x_wconf 75' lang='lat' dir='ltr'>vi</span> <span class='ocrx_word' id='word_1_684' title='bbox 1326 3847 1587 3887; x_wconf 86' lang='lat' dir='ltr'>acceleratrice</span> <span class='ocrx_word' id='word_1_685' title='bbox 1605 3849 1849 3889; x_wconf 84' lang='lat' dir='ltr'>uniformiter</span> <span class='ocrx_word' id='word_1_686' title='bbox 1863 3849 2087 3890; x_wconf 65' lang='lat' dir='ltr'>continuata</span> <span class='ocrx_word' id='word_1_687' title='bbox 2100 3864 2188 3901; x_wconf 89' lang='lat' dir='ltr'>quae</span> 
     </span>
     <span class='ocr_line' id='line_1_87' title="bbox 1140 3898 2188 3955; baseline 0.007 -19"><span class='ocrx_word' id='word_1_688' title='bbox 1140 3900 1182 3936; x_wconf 88' lang='lat' dir='ltr'>iu</span> <span class='ocrx_word' id='word_1_689' title='bbox 1209 3898 1295 3937; x_wconf 85' lang='lat' dir='ltr'>loco</span> <span class='ocrx_word' id='word_1_690' title='bbox 1324 3900 1365 3939; x_wconf 90' lang='lat' dir='ltr'>N</span> <span class='ocrx_word' id='word_1_691' title='bbox 1394 3902 1551 3951; x_wconf 83' lang='lat' dir='ltr'>obtinet,</span> <span class='ocrx_word' id='word_1_692' title='bbox 1581 3903 1728 3952; x_wconf 79' lang='lat' dir='ltr'>aequale</span> <span class='ocrx_word' id='word_1_693' title='bbox 1752 3912 1810 3943; x_wconf 89' lang='lat' dir='ltr'>est</span> <span class='ocrx_word' id='word_1_694' title='bbox 1833 3913 1947 3943; x_wconf 89' lang='lat' dir='ltr'>rectae</span> <span class='ocrx_word' id='word_1_695' title='bbox 1970 3921 2004 3954; x_wconf 71' lang='grc' dir='ltr'>μ</span> <span class='ocrx_word' id='word_1_696' title='bbox 2024 3906 2074 3954; x_wconf 86' lang='lat' dir='ltr'>Y,</span> <span class='ocrx_word' id='word_1_697' title='bbox 2102 3917 2188 3955; x_wconf 86' lang='lat' dir='ltr'>seg-</span> 
     </span>
    </p>
   </div>
  </div>
 </body>
</html>
