2540 4296
250 278 350 325 132
748 262 1316 320 PHILOSOPHIAE
1354 262 1808 315 NATURALIS
1863 263 1981 329 [DE
2005 263 2207 316 Mmm.
2233 267 2385 318 SYsT.

245 415 314 465 sis
353 412 606 465 Decemb.
645 418 989 477 conspectum·
1019 415 1069 458 et
1106 426 1136 458 a
1175 406 1492 458 Flamstedio
1528 407 1856 457 observatum
1895 416 1971 457 est
1996 417 2151 476 caput
2176 417 2391 459 cometae

243 502 544 570 posterioris
580 500 636 550 in
672 498 914 550 distantia
948 514 1136 546 novem
1172 493 1431 565 graduum
1471 513 1503 544 a
1541 494 1661 546 Sole
1679 514 1693 555 3
1745 494 1800 544 id
1844 494 1985 562 quod
2028 495 2187 546 stellae
2224 495 2390 547 tertiae

242 589 612 663 magnitudinis
650 588 739 638 vix
776 604 1077 638 concessum
1112 584 1306 635 fuisset.
1382 583 1635 635 Decemb.
1666 590 1749 635 15.
1778 592 1829 634 et
1857 588 1939 639 17.
1978 585 2216 653 apparuit
2249 585 2389 637 idem

248 690 308 731 ut
344 677 490 729 stella
525 674 690 726 tertiae
726 672 1111 743 magnitudinis,
1150 670 1465 721 diminutum
1488 669 1665 739 utique
1691 669 1966 738 splendore
1990 671 2208 722 nubium
2237 673 2390 741 juxta

247 770 422 823 Solem
441 767 777 818 occidentem.
815 763 1092 817 Decembr.
1116 769 1200 815 26.
1223 761 1540 813 velocissime
1564 771 1751 826 motus,
1772 764 1928 833 inque
1946 764 2176 834 perigaeo
2195 783 2386 834 prope-

241 859 456 911 modum
494 858 736 918 existens,
778 855 993 907 cedebat
1018 854 1096 905 ori
1124 853 1327 924 Pegasi,
1357 852 1519 903 stellae
1544 854 1709 905 tertiae
1731 854 2120 926 magnitudinis.
2192 856 2308 908 Jan.
2338 865 2387 909 3.

242 948 526 1017 apparebat
551 957 610 998 ut
636 945 782 997 stella
807 955 1021 1014 quartae,
1061 944 1096 995 J
1098 962 1179 994 an.
1208 951 1256 995 9.
1283 951 1343 992 ut
1367 941 1512 993 stella
1537 942 1746 1011 quintae,
1786 943 1903 995 Jan.
1935 951 2016 996 13.
2044 945 2112 995 ob
2149 944 2390 1013 splendo-

241 1058 355 1090 rem
381 1038 550 1089 Lunae
577 1034 853 1087 crescentis
880 1032 1151 1101 disparuit.
1215 1031 1249 1083 J
1250 1049 1331 1082 an.
1351 1037 1435 1082 25.
1455 1031 1545 1081 vix
1568 1031 1810 1100 aequabat
1829 1032 1998 1083 stellas
2018 1033 2388 1104 magnitudinis

242 1128 491 1196 septimae.
570 1125 626 1176 Si
653 1131 920 1175 sumantur
945 1119 1165 1189 aequalia
1192 1138 1222 1170 a
1244 1119 1473 1189 perigaeo
1497 1118 1620 1169 hinc
1644 1118 1767 1170 inde
1791 1129 2041 1188 tempora,
2080 1122 2249 1190 capita
2273 1141 2391 1192 quae

244 1215 564 1285 temporibus
602 1213 702 1263 illis
739 1212 796 1262 in
829 1208 1124 1279 longinquis
1150 1208 1447 1279 regionibus
1472 1207 1656 1275 posita,
1696 1207 1763 1258 ob
1789 1208 2012 1277 aequales
2037 1228 2069 1260 a
2094 1209 2260 1262 Terra
2286 1211 2391 1262 dis-

242 1309 446 1370 tantias,
484 1304 750 1375 aequaliter
784 1302 958 1353 lucere
993 1300 1305 1363 debuissent,
1344 1300 1399 1350 in
1434 1299 1588 1371 plaga
1631 1300 1764 1353 Solis
1800 1301 2026 1353 maxime
2060 1303 2387 1371 splenduere,

243 1419 309 1451 ex
335 1396 494 1449 altera
519 1394 732 1465 perigaei
757 1401 906 1461 parte
940 1389 1213 1441 evanuere.
1289 1388 1459 1459 Igitur
1496 1407 1562 1440 ex
1598 1388 1785 1460 magna
1811 1390 1940 1441 lucis
1965 1391 2021 1440 in
2045 1401 2264 1461 utroque
2291 1393 2392 1445 situ

242 1487 546 1549 differentia,
586 1483 912 1536 concluditur
947 1498 1139 1551 magna
1185 1477 1319 1530 Solis
1357 1488 1408 1530 et
1443 1489 1658 1531 cometae
1701 1480 1933 1532 vicinitas
1969 1482 2026 1532 in
2063 1483 2164 1534 situ
2199 1484 2388 1552 priore.

243 1579 383 1631 Nam
419 1577 513 1627 lux
549 1583 866 1627 cometarum
891 1569 1143 1641 regularis
1170 1586 1282 1619 esse
1309 1566 1455 1631 solet,
1496 1577 1548 1619 et
1571 1568 1799 1619 maxima
1822 1587 2073 1637 apparere
2097 1570 2187 1622 ubi
2224 1573 2392 1643 capita

241 1668 560 1724 velocissime
599 1675 890 1727 moventur,
934 1673 1088 1733 atque
1128 1661 1248 1712 ideo
1293 1670 1413 1711 sunt
1462 1659 1515 1710 in
1565 1659 1803 1730 perigaeis
1819 1679 1833 1722 3
1889 1661 1988 1712 nisi
2031 1661 2282 1731 quatenus
2331 1683 2390 1716 ea

240 1764 406 1831 major
432 1770 509 1812 est
533 1760 587 1809 in
610 1757 798 1809 vicinia
828 1755 979 1808 Solis.

318 1851 480 1901 Corol.
515 1854 583 1900 l.·
608 1844 895 1914 Splendent
919 1842 1077 1913 igitur
1103 1850 1316 1892 cometae
1345 1838 1407 1909 (¹¹)
1433 1839 1549 1891 luce
1578 1838 1712 1893 Solis
1738 1859 1769 1891 a
1794 1858 1848 1892 se
1874 1841 2080 1893 reflexa.

318 1932 480 1989 Corol.
503 1940 552 1985 2.
583 1932 635 2002 (ἰ)
663 1933 748 1984 Ex
768 1931 917 1983 dictis
938 1929 1091 1980 etiam
1110 1928 1413 1998 intelligitur
1433 1946 1524 1979 cur
1544 1937 1757 1979 cometae
1777 1921 2045 1997 tantopere
2064 1928 2391 1999 frequentant

243 2026 509 2097 regionem
560 2023 710 2075 Solis.
805 2021 860 2073 Si
905 2020 1237 2071 cernerentur
1281 2019 1335 2069 in
1373 2018 1670 2089 regionibus
1713 2019 1867 2091 longe
1909 2020 2046 2071 ultra
2077 2021 2388 2100 Saturnum,

244 2116 492 2167 deberent
518 2111 705 2181 saepius
733 2128 982 2180 apparere
1005 2109 1059 2159 in
1083 2108 1315 2177 partibus
1344 2107 1453 2159 Soli
1478 2107 1741 2175 oppositis.
1823 2109 2017 2160 Forent
2042 2110 2178 2160 enim
2206 2110 2389 2161 Terrae

299 2257 357 2310 (¹¹)
381 2261 401 2283 ⁶
423 2259 531 2296 Luce
560 2258 653 2296 Solis
679 2270 703 2294 a
728 2269 766 2294 se
787 2251 940 2307 refierc‘z'·
1000 2253 1107 2291 Nam
1125 2264 1149 2290 a
1169 2250 1290 2289 Terra

242 2310 510 2349 recedentibus
537 2309 695 2348 cometis
714 2316 752 2345 et
770 2309 818 2345 ad
848 2307 978 2345 Solem
1005 2304 1287 2349 accedentibus,

243 2372 411 2414 augetur
428 2375 563 2400 eorum
578 2361 770 2410 splendor,
786 2361 1027 2398 decrescente
1042 2358 1131 2396 licet
1145 2356 1290 2394 diame-

243 2425 315 2461 tro,
336 2424 382 2454 ut
400 2429 446 2454 ex
465 2414 770 2464 praecedentibus
787 2413 1116 2451 observationibus
1133 2418 1249 2459 patet.

300 2469 349 2523 (ὓ
374 2473 394 2493 *⁸
417 2472 480 2508 Ex
500 2471 609 2507 dictis
636 2470 752 2506 etiam
779 2468 1012 2515 intelligitur.
1074 2463 1235 2502 Refemt.
1265 2463 1291 2501 S

247 2523 389 2569 Solem,
413 2523 462 2567 T,
481 2523 653 2567 Terram,
674 2519 841 2558 circulus
864 2520 904 2557 D
921 2519 957 2556 E
974 2518 1006 2555 F
1024 2517 1082 2563 H,
1104 2517 1292 2565 sphaeram

243 2576 422 2615 fixarum.
468 2574 667 2619 Quoniam
686 2580 847 2611 cometae
866 2571 1069 2621 splendent
1086 2569 1174 2607 luce
1192 2569 1292 2608 Solis

244 2642 267 2667 a
285 2643 324 2667 se
343 2627 496 2674 reflexa,
521 2629 633 2679 (Cor.
656 2626 711 2677 1.)
741 2626 769 2663 ii
796 2638 875 2664 non
902 2624 1148 2670 videbuntur,
1178 2622 1252 2660 nisi
1270 2635 1294 2661 a

247 3422 337 3462 Sole
355 3421 409 3460 ita
426 3421 668 3460 illustrentur
685 3426 730 3458 ut
748 3419 853 3458 oculi
871 3420 990 3458 nostri
1008 3418 1080 3458 hac
1098 3419 1185 3458 luce
1203 3432 1285 3457 mo-

243 3477 323 3514 veri
342 3476 501 3524 possint.
560 3473 753 3513 Praeterea
772 3485 931 3511 cometae
948 3486 1016 3522 per
1035 3473 1175 3511 caudas
1202 3485 1290 3510 suas

244 3527 414 3568 maxime
441 3528 542 3565 fiunt
569 3527 778 3576 conspicui,
809 3529 878 3564 has
903 3536 1032 3564 autem
1052 3526 1193 3564 caudas
1210 3538 1290 3563 non

244 3582 429 3619 emittunt
446 3581 669 3630 priusquam
689 3579 739 3617 ad
770 3580 897 3618 Solem
917 3581 1201 3629 aliquantulum
1229 3578 1289 3615 in-

244 3635 443 3677 caluerint,
477 3646 595 3683 quare
626 3640 731 3681 patet
759 3640 926 3670 cometas
957 3645 1038 3670 sese
1065 3632 1290 3681 conspicuos

245 3700 325 3723 non
352 3689 520 3735 praebere
548 3685 623 3723 nisi
651 3685 702 3723 ad
723 3686 921 3723 definitam
940 3685 1134 3736 quandam
1154 3698 1178 3722 a
1200 3684 1289 3722 Sole

245 3740 465 3776 distantiam
496 3738 690 3776 accedant.
766 3740 942 3777 Ponatur
976 3739 1106 3788 itaque
1142 3739 1290 3787 sphaera

249 3793 289 3830 A
312 3793 344 3828 B
368 3793 400 3829 C
424 3793 475 3837 G,
508 3792 586 3829 Soli
606 3792 844 3829 concentrica
864 3791 911 3829 ad
931 3791 1047 3829 talem
1067 3791 1288 3828 distantiam

246 3844 434 3894 descripta
452 3854 497 3882 ut
524 3844 656 3884 nullus
674 3853 822 3884 cometa
847 3852 1001 3895 propter
1026 3843 1291 3882 illustrationis

1340 2249 1549 2295 defectum,
1583 2249 1711 2301 detegi
1739 2251 1870 2299 possit,
1898 2251 2122 2302 priusquam
2152 2252 2201 2291 ad
2227 2254 2388 2302 sphaerae

1339 2303 1458 2353 hujus
1476 2303 1716 2351 superficiem
1745 2305 1969 2352 pervenerit,
1993 2305 2131 2354 juncta
2156 2314 2259 2344 recta
2290 2307 2317 2344 S
2337 2308 2387 2353 T,

1340 2356 1577 2405 producatur
1603 2356 1785 2406 utrinque
1811 2356 1933 2394 donec
1961 2358 2175 2405 superficiei
2203 2359 2295 2397 huic
2320 2372 2387 2397 oc-

1342 2416 1473 2447 currat
1490 2410 1531 2446 in
1553 2410 1605 2455 A,
1627 2417 1665 2447 et
1686 2410 1731 2448 C.
1792 2410 1870 2448 Per
1892 2411 1939 2456 T,
1961 2410 2124 2448 ductum
2146 2411 2387 2463 intelligatur

1343 2463 1504 2511 planum
1527 2463 1572 2499 H
1594 2463 1644 2507 E,
1665 2463 1729 2500 cui
1756 2464 1939 2501 normalis
1957 2471 2014 2500 est
2031 2471 2134 2502 recta
2164 2465 2202 2502 A
2227 2465 2273 2511 C,
2302 2466 2387 2514 pla-

1343 2528 1442 2553 num
1468 2515 1566 2553 illud
1591 2517 1779 2564 sphaeram
1805 2516 1950 2554 dividet
1973 2516 2013 2553 in
2032 2516 2112 2554 duo
2132 2518 2388 2567 hemispheria

1346 2581 1514 2619 quorum
1532 2581 1656 2606 unum
1679 2570 1723 2606 H
1747 2570 1780 2607 F
1800 2569 1852 2612 E,
1882 2578 1940 2607 est
1957 2582 2087 2607 versus
2109 2570 2237 2608 Solem
2250 2585 2262 2617 ;
2291 2572 2386 2609 alte-

1344 2634 1435 2659 rum
1465 2620 1556 2659 vero
1589 2622 1634 2659 H
1657 2623 1697 2660 D
1720 2622 1770 2668 E,
1807 2622 1888 2660 Soli
1919 2622 2136 2671 opponitur.
2213 2624 2384 2662 Cometae

1341 2687 1477 2712 omnes
1501 2675 1543 2711 in
1570 2677 1727 2724 sphaerae
1754 2687 1953 2726 segmento
1974 2677 2009 2713 B
2033 2677 2065 2714 C
2091 2677 2140 2720 G,
2167 2677 2383 2723 existentes,

1342 2727 1575 2765 videbuntur
1592 2729 1633 2765 in
1652 2728 1920 2776 hemisphaerio
1938 2741 2068 2766 versus
2090 2729 2232 2775 Solem,
2248 2742 2383 2767 omnes

1340 2788 1471 2818 autem
1490 2781 1556 2830 qui
1584 2789 1781 2818 versantur
1804 2780 1844 2817 in
1863 2789 2062 2831 segmento
2092 2783 2127 2820 B
2151 2783 2187 2819 A
2214 2783 2253 2820 G
2278 2782 2383 2821 vide-

1340 2835 1487 2872 buntur
1522 2834 1562 2870 in
1595 2833 1860 2882 hemisphaerio
1895 2834 2000 2884 quod
2039 2835 2119 2872 Soli
2156 2835 2377 2884 opponitur.

1344 2885 1477 2931 Quare
1490 2886 1521 2922 si
1536 2894 1778 2937 segmentum
1802 2888 1836 2924 B
1857 2888 1888 2925 C
1907 2888 1954 2932 G,
1971 2888 2097 2937 majus
2115 2888 2163 2926 sit
2181 2897 2382 2939 segmento

1342 2940 1379 2978 B
1405 2941 1443 2976 A
1468 2940 1519 2984 G,
1540 2939 1669 2988 plures
1686 2947 1846 2977 cometae
1863 2940 2095 2978 videbuntur
2107 2941 2150 2978 in
2167 2942 2384 2991 hemisphe-

1338 2992 1397 3030 rio
1416 3005 1545 3030 versus
1566 2993 1695 3030 Solem
1714 2991 1832 3044 quain
1858 2993 1898 3030 in
1927 2994 2112 3042 opposito.
2170 2994 2263 3033 Jam
2290 2993 2380 3033 νει-ὂ

1338 3053 1499 3082 cometae
1517 3045 1633 3083 nudis
1651 3046 1774 3084 oculis
1785 3059 1825 3084 se
1842 3045 1951 3095 prius
1969 3047 2202 3097 detegendos
2221 3060 2299 3085 non
2314 3060 2380 3086 ex-

1338 3098 1471 3136 hibent
1488 3097 1604 3148 quam
1623 3100 1700 3137 sint
1713 3099 1812 3138 Jove
1829 3101 2049 3149 propiores;
2069 3108 2234 3149 ponatur
2252 3101 2381 3152 itaque

1341 3152 1369 3190 S
1391 3153 1444 3198 A,
1465 3152 1612 3190 circiter
1629 3152 1655 3203 ἦ
1675 3152 1864 3191 distantiae
1892 3153 2034 3191 Martis
2058 3165 2081 3190 a
2103 3154 2203 3200 Sole,
2232 3154 2304 3191 hoc
2322 3161 2380 3192 est

1345 3204 1373 3242 S
1391 3206 1427 3243 A
1448 3205 1497 3242 sit
1514 3206 1662 3243 circiter
1676 3205 1796 3254 dupla
1809 3206 1928 3256 ipsius
1943 3207 1969 3244 S
1986 3206 2034 3253 T,
2051 3206 2123 3244 erit
2133 3215 2378 3256 segmentum

1341 3258 1377 3296 B
1410 3259 1448 3296 G
1480 3259 1512 3296 C
1542 3259 1746 3308 plusquam
1777 3259 1994 3310 quadruplo
2023 3260 2148 3309 majus
2179 3268 2381 3310 segmento

1340 3311 1377 3349 B
1401 3312 1438 3348 A
1456 3312 1506 3356 G,
1526 3309 1691 3362 ideoque
1709 3312 1926 3362 quadruplo
1943 3312 2003 3348 vel
2022 3313 2229 3361 quintuplo
2247 3312 2378 3361 plures

1339 3375 1499 3402 cometae
1517 3365 1744 3416 detegentur
1762 3366 1802 3402 in
1821 3365 2077 3413 hemispherio
2097 3378 2225 3403 versus
2247 3366 2377 3403 Solem

1340 3417 1458 3468 quam
1486 3418 1526 3455 in
1556 3418 1812 3467 hemispherio
1837 3419 2023 3468 opposito.
2086 3418 2143 3457 At
2160 3419 2190 3455 si
2219 3426 2378 3456 cometae

1337 3467 1583 3509 cernerentur
1601 3472 1641 3508 in
1659 3471 1879 3522 regionibus
1898 3470 2013 3521 longe
2030 3471 2131 3510 ultra
2153 3472 2376 3517 Saturnum,

1337 3524 1436 3562 foret
1456 3525 1482 3561 S
1498 3526 1549 3570 A,
1569 3524 1684 3574 longe
1703 3526 1824 3575 major
1841 3523 1957 3574 quam
1982 3525 2008 3561 S
2022 3525 2069 3570 T,
2090 3532 2128 3562 et
2145 3523 2232 3562 ide&
2250 3536 2376 3561 come-

1337 3584 1386 3614 tae
1405 3576 1542 3626 saepiiis
1561 3577 1743 3615 deberent
1761 3591 1940 3625 apparere
1961 3578 2000 3613 in
2020 3578 2189 3625 partibus
2211 3575 2290 3615 Soli
2309 3588 2377 3624 op-

1338 3630 1478 3678 positis,
1508 3631 1634 3668 forent
1653 3631 1757 3667 enim
1778 3632 1907 3668 Terrae
1926 3630 2123 3668 viciniores
2140 3631 2207 3679 qui
2231 3629 2271 3666 in
2290 3641 2378 3678 seg-

1338 3690 1470 3720 mento
1495 3684 1529 3720 B
1556 3685 1592 3720 A
1617 3684 1668 3730 G,
1696 3690 1906 3729 versantur,
1936 3690 2092 3721 caeteros
2116 3681 2206 3720 vero
2233 3682 2273 3718 in
2291 3694 2378 3731 seg-

1338 3745 1470 3773 mento
1490 3737 1524 3773 B
1548 3737 1580 3774 C
1604 3737 1654 3782 G,
1679 3737 1746 3773 Sol
1763 3734 2009 3784 interpositus
2025 3737 2252 3773 obscuraret.
2312 3734 2377 3771 Ex

1339 3789 1400 3825 his
1419 3789 1647 3839 intelligi-tur
1663 3802 1733 3827 cur
1750 3796 1910 3828 cometae
1924 3786 2119 3837 tantopere
2132 3788 2377 3839 frequentant

1336 3841 1535 3892 regionem
1557 3841 1665 3881 Solis.

2522 1901 2540 2070 ,amdazfflahffflm
2528 1750 2540 1888 ..affin-“aaa
2527 1734 2540 1745 ἓ
2534 1717 2540 1727 .1
2528 1699 2540 1709 f
2530 1652 2540 1692 ..ι
2527 1627 2540 1648 ι’..
2532 1614 2540 1621 s.

2530 3186 2540 3220 ..am
2530 3095 2540 3173 .-.κακὰ
2517 2709 2540 3085 ημῶὲιιΑΜῌ-ῶηαμωωη
2519 2235 2540 2704 wmfflm.mu
2538 2224 2540 2228 .
2527 2206 2540 2217 Β
