2540 4296
213 290 280 336 96
720 273 1286 330 PHILOSOPHIAE
1328 250 1780 325 NATURALIS
1818 271 1938 337 [DE
1967 273 2169 324 MUND.
2202 274 2352 326 svm.

213 426 414 479 circiter
439 423 684 486 ascendit,
712 423 767 472 in
792 421 903 473 aliis
928 420 1055 471 locis
1081 418 1359 491 aequationi
1385 417 1547 469 centri
1575 417 1712 469 Solis
1735 416 2137 486 proportionalis
2163 425 2273 479 est3
2302 425 2359 467 et

213 516 422 570 additur
447 514 621 567 medio
657 513 823 563 motui
851 512 1020 562 Lunae
1046 510 1136 561 ubi
1162 510 1335 561 Terra
1357 509 1528 579 pergit
1567 508 1633 560 ab
1653 508 1878 577 'aphelio
1917 517 2010 559 suo
2048 508 2115 559 ad
2156 507 2360 576 perihe-

213 608 359 669 lium,
406 614 457 656 et
494 605 549 653 in
592 600 832 670 opposita
860 600 1000 651 orbis
1025 608 1174 667 parte
1200 597 1521 650 subducitur.
1598 596 1930 648 Assumendo
1972 596 2177 647 radium
2219 595 2358 646 orbis

215 695 392 767 magni
421 701 559 755 loos)
585 701 636 742 et
662 689 1095 742 eccentricitatem
1123 688 1305 739 Terrae
1335 688 1450 751 163,
1499 684 1552 755 (¹)
1595 685 1710 736 haec
1736 685 1977 755 aequatio,
2022 685 2113 736 ubi
2137 685 2362 736 maxima

218 794 311 847 est,
353 800 448 851 per
489 779 743 832 theoriam
778 777 1042 849 gravitatis
1081 776 1276 845 prodiit
1323 776 1419 826 11'.
1459 774 1575 826 49''.
1654 774 1758 826 Sed
1803 773 2153 825 eccentricitas
2181 774 2363 825 Terrae

218 874 375 944 paulo
400 872 565 941 major
590 889 701 921 esse
726 870 947 932 videtur,
977 879 1028 920 et
1052 867 1201 919 aucta
1228 866 1605 919 eccentricitate
1623 864 1737 917 hae'c
1763 866 1986 936 aequatio
2007 866 2185 936 augeri
2210 865 2366 917 debet

219 967 272 1016 in
300 964 481 1016 eadem
508 963 722 1014 ratione.
778 962 855 1015 Sit
881 960 1233 1013 eccentricitas
1265 960 1412 1025 16-ζ-ὲ,
1441 966 1493 1009 et
1517 956 1740 1027 aequatio
1759 956 1985 1007 maxima
2011 957 2107 1008 erit
2129 957 2226 1008 11'.
2250 956 2364 1008 51''.

295 1053 372 1122 (¹¹¹)
414 1051 597 1103 Inveni
623 1050 776 1103 etiam
803 1049 944 1120 quod
968 1048 1022 1098 in
1048 1046 1299 1116 perihelio
1327 1046 1526 1108 Terrae,
1565 1054 1781 1113 propter
1805 1045 2056 1113 majorem
2079 1044 2183 1095 vim
2213 1045 2364 1107 Solis,

223 1161 498 1214 apogaeum
525 1142 726 1193 et-nodi
753 1140 922 1192 Lunae
947 1140 1173 1191 velocius
1197 1148 1470 1189 moventur
1495 1135 1647 1207 quam
1674 1137 1729 1187 in
1753 1137 1960 1205 aphelio
1979 1138 2105 1205 ejus,
2131 1136 2289 1204 idque
2313 1135 2373 1186 in‘

223 1230 477 1300 triplicata
519 1229 717 1281 ratione
743 1228 1000 1280 distantiae
1026 1227 1209 1279 Terrae
1235 1247 1266 1277 a
1295 1226 1414 1278 Sole
1457 1223 1673 1276 inverse.
1753 1225 1817 1293 (¹¹)
1858 1224 1929 1275 Et
1971 1224 2092 1275 inde
2132 1224 2371 1275 oriuntur

224 1319 543 1391 aequationes
570 1335 757 1369 annuae
781 1316 972 1367 horum
1010 1325 1248 1368 motuum
1284 1314 1562 1385 aequationi
1589 1312 1749 1364 centri
1782 1312 1915 1365 Solis
1939 1312 2368 1381 proportionales

225 1519 325 1554 hanc
355 1513 609 1565 aequationem
632 1511 697 1551 ubi
715 1512 885 1551 maxima
913 1521 970 1552 est
1000 1512 1047 1554 9'.
1071 1514 1154 1552 44''.
1193 1513 1275 1551 effi·
1329 1513 1392 1560 rit,
1423 1513 1494 1551 erit
1512 1519 1644 1552 motus
1661 1512 1809 1564 apogaei
1835 1512 1878 1550 in
1904 1512 2038 1562 quavis
2055 1510 2249 1559 distantia,
2280 1525 2307 1563 g
2324 1517 2373 1564 ζ

227 1582 324 1607 cere.
1331 1572 1355 1604 3
1369 1578 1395 1603 x
1855 1603 1892 1609 -,
1924 1571 1948 1603 3
1964 1579 1989 1603 x

284 1642 333 1693 (¹)
367 1644 466 1680 Hoec
496 1642 661 1691 aequatz'o
679 1642 743 1679 ubi
761 1643 926 1679 murima
957 1649 1010 1679 est
1034 1643 1174 1690 prodiit
1205 1640 1276 1678 11'·
1337 1622 1399 1670 ’a-
1417 1612 1456 1650 g'
1477 1606 1517 1638 et
1534 1605 1664 1637 metus
1679 1597 1774 1636 no‘h
1802 1611 1828 1635 n
1856 1612 1896 1650 ÷
1924 1619 1991 1669 ‘a-
2009 1611 2051 1637 η’

229 1696 315 1735 49”.
373 1693 536 1742 Sumpta
574 1690 699 1731 orbita
738 1693 867 1731 lunari
904 1701 950 1731 ut
985 1693 1174 1739 circulari,
1213 1706 1281 1742 per

230 1748 418 1787 theoriam
437 1746 634 1797 gravitatis
653 1745 795 1794 prodiit
827 1746 899 1784 11'.
921 1747 1006 1786 47⁹.
1039 1747 1119 1784 imo
1136 1746 1276 1793 minor,

231 1803 310 1840 sive
332 1802 549 1839 Newtonus
567 1799 642 1837 alia
662 1797 722 1836 via
741 1812 833 1836 eum
861 1800 1054 1838 calculum
1074 1800 1281 1838 instituerit
1325 1833 1399 1863 ,tus
1417 1840 1440 1863 a
1467 1827 1566 1864 Offaei
1582 1826 1709 1863 Lunae
1728 1834 1767 1863 et
1785 1826 1876 1863 nodi
1896 1825 2100 1863 uniformi<
2118 1837 2197 1862 non
2217 1825 2266 1861 Sit
2285 1822 2377 1861 cfim

232 1854 352 1906 quam
368 1866 451 1914 n-OS?
472 1853 550 1890 Sive
568 1852 644 1913 ali·a
658 1852 850 1913 elemen-ta
863 1854 1121 1914 assumpserit,
1143 1854 1220 1890 Sive
1235 1866 1282 1891 ex
1339 1840 1465 1917 Termi³
1477 1854 1526 1917 aid
1545 1880 1665 1917 varias
1684 1893 1704 1916 a
1730 1879 1817 1917 Sole
1836 1879 2034 1917 distantias
2052 1854 2278 1915 transfertur
2311 1877 2378 1913 sed

234 1914 521 1947 excentrlmtate
540 1907 673 1943 orbltae
692 1905 839 1943 lunaris
864 1906 1166 1944 consuderatlone
1184 1908 1284 1944 hanc
2279 1904 2288 1921 '

233 1960 488 2012 quantitatem
520 1958 685 2005 auxerit,
723 1967 861 1997 caetera
899 1958 988 1998 ver&
1021 1959 1070 1997 ad
1098 1959 1284 1998 amussim
1338 1931 1501 1970 addatur
1528 1940 1597 1970 aut
1627 1933 1847 1971 detrahatur
1879 1942 1935 1969 eXs
1959 1943 2093 1969 eorum
2111 1938 2221 1968 motu
2249 1929 2379 1967 medio

235 2013 441 2066 quadrant·
1338 2017 1530 2068 quantitas
1548 2018 1742 2056 variabilis
1755 1990 1822 2090 ἒξ
1840 2031 1877 2069 g,
1899 2025 1937 2056 et
1949 1990 2018 2087 {3-
2051 2029 2089 2060 n,
2122 2015 2154 2053 si
2186 2022 2381 2066 quaeratur

1339 2116 1561 2153 progressus
1575 2104 1723 2154 apogaei
1744 2105 1873 2143 Lunae
1891 2111 1958 2141 aut
1976 2101 2067 2140 nodi
2086 2100 2175 2139 cum
2194 2100 2316 2138 Terra
2333 2100 2382 2138 ab

1340 2157 1492 2205 aphelio
1514 2156 1613 2193 Solis
1632 2158 1733 2194 certa
1752 2157 1963 2207 quantitate
1985 2155 2135 2193 dierum
2155 2153 2380 2199 discesserit,

1340 2211 1374 2246 is
1392 2222 1613 2259 progressus
1645 2222 1691 2246 ex
1723 2218 1834 2248 motu
1853 2209 1982 2247 medio
2001 2208 2146 2258 apogaei
2169 2207 2297 2244 Lunae
2315 2213 2385 2243 aut

1389 1720 1505 1772 (ι’)’ἦιι
1540 1722 1594 1759 Et
1625 1722 1713 1758 inde
1741 1722 1924 1759 oriuntur
1954 1721 2184 1769 aequationes
2215 1731 2374 1763 ammte,

1335 1775 1541 1824 aequationi
1559 1777 1679 1811 centri
1698 1775 1789 1812 Solis
1803 1774 2107 1822 proportionales.
2171 1770 2274 1809 Cum
2294 1784 2377 1808 mo-

291 2085 397 2123 Eam
433 2083 690 2133 aequationem
726 2084 1003 2122 excentricitati
1039 2086 1170 2122 Terrae
1206 2097 1287 2122 esse

237 2137 566 2187 proportionatam
602 2147 650 2173 ex
682 2137 773 2174 Cor·
799 2142 832 2174 1.
873 2139 990 2176 Prob.
1027 2139 1076 2175 V.
1111 2151 1197 2189 pag.
1222 2141 1286 2184 72,

238 2191 367 2240 prodit
385 2189 490 2227 enim
519 2190 602 2238 ejus
621 2190 727 2227 valor
744 2204 812 2239 per
830 2192 1062 2240 quantitates
1079 2191 1176 2228 fixas
1193 2191 1287 2228 duc-

239 2253 297 2282 tas
314 2244 356 2281 in
376 2243 701 2280 excentricitatem
721 2256 809 2293 quae
841 2245 883 2282 in
916 2245 1065 2282 calculo
1092 2245 1290 2281 dicebatur
1340 2262 1432 2300 nodi
1464 2263 1565 2300 rect&
1596 2275 1675 2300 non
1707 2263 2004 2312 computabitur,
2042 2263 2184 2311 quippe
2221 2258 2384 2309 singulis

241 2321 289 2354 ες
318 2315 358 2343 et
376 2306 550 2355 quamvis
569 2305 761 2355 quantitas
780 2309 805 2344 b
823 2321 911 2358 quae
930 2316 985 2346 est
1007 2311 1060 2359 4!
1079 2322 1102 2346 a
1121 2312 1139 2331 2
1158 2330 1212 2339 —
1230 2321 1252 2345 e
1270 2311 1289 2331 2
1371 2348 1380 2356 ‚
1754 2342 1756 2355 ζ
1916 2348 1925 2356 ‚
2136 2347 2145 2354 ,
2253 2317 2279 2350 5
2294 2324 2319 2348 x

242 2361 283 2397 in
301 2373 347 2397 eo
366 2359 493 2396 valore
504 2368 693 2404 occurrat,
715 2359 859 2399 idcirco
879 2374 957 2399 non
978 2372 1035 2399 est
1053 2360 1292 2399 censendum
1341 2348 1477 2388 dlebus
1495 2355 1632 2398 Praetel‘
1649 2357 1802 2389 motum
1823 2348 1997 2388 medlum
2015 2353 2226 2399 quanmate
2253 2368 2314 2374 ··”
2342 2357 2383 2396 8¹²

242 2412 470 2463 aequationis
489 2410 657 2449 valorem
675 2413 848 2451 multum
866 2414 1034 2463 pendere
1052 2427 1099 2452 ex
1119 2405 1186 2451 il'la
1204 2414 1292 2465 dig-
2270 2391 2294 2416 a

243 2466 364 2503 nitate
393 2478 414 2503 e
433 2467 452 2487 2
483 2464 673 2514 siquidem
705 2466 748 2503 in
776 2466 845 2504 illo
876 2468 1042 2505 termino
1061 2480 1106 2506 ea
1125 2467 1293 2518 dIgnitas

244 2517 325 2557 fere
345 2518 536 2556 evanescit
554 2526 730 2566 respectu
748 2532 772 2557 a
789 2522 822 2554 ².

300 2590 445 2640 Liquet
463 2589 579 2627 etiam
599 2602 647 2627 ex
673 2590 760 2631 Cor.
780 2596 818 2629 2.
841 2591 962 2643 ejusd.
984 2592 1113 2630 Probl.
1138 2600 1296 2631 caeteras

248 2643 483 2693 aequationes
513 2655 594 2680 esse
612 2643 920 2691 proportionatas
948 2646 1157 2695 aequationi
1175 2645 1297 2684 centri

251 2696 350 2734 Solis
365 2711 374 2733 ι
408 2694 604 2733 addendas
638 2708 720 2734 esse
748 2699 873 2735 motui
894 2699 1023 2737 Lunae
1054 2697 1152 2736 dum
1170 2699 1298 2750 pergit

248 2751 296 2786 ab
315 2748 468 2797 aphelio
487 2748 537 2786 ad
556 2749 800 2797 perihelium,
820 2751 901 2789 illic
916 2752 1019 2789 enim
1034 2753 1197 2791 tardatio
1208 2765 1298 2790 vera

249 2802 379 2839 minor
397 2809 455 2839 est
472 2794 592 2851 qiiam
611 2802 776 2840 tardatio
795 2804 1010 2855 mediocris,
1031 2818 1123 2856 ergo
1141 2818 1298 2854 provec-

250 2855 325 2892 tior
344 2862 400 2892 est
420 2854 539 2891 Luna
556 2854 675 2904 quam
694 2856 925 2895 secundum*
941 2858 1195 2896 tardationem
1215 2871 1298 2896 me-

251 2908 434 2953 diocrem,
455 2906 544 2944 addi
561 2920 654 2958 ergo
666 2908 780 2946 debet
794 2910 877 2960 ejus
895 2911 966 2948 viae
984 2911 1055 2948 iste
1073 2910 1299 2949 tardationis

251 2961 451 3007 defectus3
492 2972 538 2997 ex
573 2960 761 3008 perihelio
792 2960 990 3014 pergendo
1026 2976 1087 3001 res
1123 2963 1300 3014 opposita

255 3014 403 3051 ratione
423 3012 614 3062 procedet.

308 3086 375 3138 (¹¹²)
416 3088 436 3109 *
471 3088 610 3125 Inveni
636 3088 763 3133 etiam,
794 3088 866 3126 διε.
924 3088 976 3127 Id
1006 3088 1140 3139 utique
1168 3090 1302 3127 statuit

259 3140 347 3178 Cor.
376 3144 435 3177 14.
477 3139 593 3188 Prop.
620 3139 785 3178 LXVI.
820 3141 910 3179 Lib.
943 3141 994 3188 L,
1025 3142 1105 3180 illic
1135 3142 1303 3180 ostendit

255 3194 353 3229 vires
375 3192 474 3230 Solis
493 3205 574 3229 esse
600 3199 646 3230 ut
671 3194 791 3231 cubos
809 3193 1076 3233 distantiarum
1096 3195 1300 3245 reciproce,

255 3246 360 3282 unde
379 3244 472 3283 cum
502 3245 580 3283 sint
597 3257 724 3283 causae
755 3259 928 3285 errorum
956 3248 1106 3299 apogaei
1124 3256 1163 3287 et
1181 3251 1301 3288 nodo-

255 3311 356 3344 rum,
386 3298 444 3335 illi
463 3310 607 3337 errores
625 3299 704 3337 sive
722 3307 851 3339 motus
869 3302 936 3351 qui
961 3302 1040 3339 suis
1071 3303 1194 3340 causis
1212 3310 1304 3341 sunt

256 3350 572 3399 proportionales,
601 3351 743 3390 debent
760 3367 842 3392 esse
860 3364 906 3393 ut.
924 3355 1014 3393 cubi
1033 3354 1302 3394 distantiarum

256 3403 474 3453 reciproce3
512 3404 603 3442 hinc
639 3405 790 3444 dicatur
825 3420 849 3444 a
883 3408 1088 3446 mediocris
1123 3409 1304 3448 distantia

260 3457 390 3495 Terrae
424 3471 449 3495 a
487 3456 591 3503 Sole,
636 3458 819 3498 distantia
853 3462 999 3511 quaevis
1044 3461 1120 3499 alia
1153 3461 1305 3501 dicatur

257 3523 281 3547 a
300 3511 347 3558 ᾖ·-
369 3523 408 3556 x,
427 3518 559 3550 motus
575 3511 728 3551 medius
747 3512 914 3552 diurnus
932 3515 1081 3567 apogaei
1099 3514 1141 3553 in
1159 3515 1304 3553 distan-

257 3561 313 3600 tia
344 3577 368 3601 a
398 3563 448 3601 sit
475 3576 514 3615 g,
547 3572 679 3603 motus
696 3565 849 3604 medius
867 3567 960 3606 nodi
992 3568 1034 3606 in
1061 3566 1108 3607 ea
1125 3567 1304 3607 distantia

258 3628 282 3652 a
317 3615 367 3653 sit
402 3629 443 3662 n,
480 3617 524 3654 in
559 3616 742 3657 distantia
778 3632 816 3667 x,
863 3630 993 3660 motus
1037 3622 1189 3674 apogaei
1233 3621 1304 3660 erit

354 3671 370 3697 a

259 3681 421 3782 {ZZZ—³
442 3715 470 3752 g
487 3709 526 3740 et
542 3710 672 3744 motus
690 3706 786 3744 nodi
800 3708 871 3747 erit
931 3754 972 3792 ψ
1038 3742 1056 3768 3

297 3783 345 3791 ,-
888 3765 913 3790 a
994 3765 1020 3790 x

259 3797 404 3857 mando
421 3800 560 3839 seriem
578 3814 625 3840 ex
645 3803 706 3841 his
723 3794 986 3854 quotientibix}
1003 3814 1042 3844 et
1059 3807 1208 3846 omissis
1230 3815 1304 3848 ter-

258 3850 375 3887 mmis
386 3850 426 3888 in
437 3853 580 3902 quibus
595 3855 708 3893 altior
721 3856 889 3911 dignitas
898 3858 1121 3910 quantitatis
1133 3873 1158 3899 x
1168 3873 1302 3902 occur-

1084 3721 1112 3746 n
1139 3715 1209 3747 aut
1223 3708 1304 3751 for-

1342 2440 1408 2473 5x

1343 2489 1411 2539 ῖ-
1428 2482 1455 2506 n
1474 2477 1740 2518 processerunt
1758 2477 1826 2508 ant
1843 2474 2093 2515 recesserunt,
2123 2476 2277 2503 summa
2294 2476 2387 2516 ergo

1344 2554 1520 2594 omnium
1539 2555 1677 2592 harum
1695 2555 1954 2604 quantitatum
1979 2554 2051 2593 erit
2068 2550 2266 2596 sumenda,
2299 2561 2388 2600 quae

1345 2607 1724 2649 eruntcorrectiones
1742 2622 1811 2646 seu
1829 2608 2063 2658 aequationes
2075 2606 2216 2657 quibus
2235 2617 2283 2641 ex
2302 2602 2388 2640 loco

1345 2661 1476 2699 medio
1494 2661 1643 2711 apogaei
1662 2669 1701 2698 et
1719 2661 1811 2698 nodi
1840 2662 1891 2699 ad
1919 2658 2052 2699 verum
2072 2660 2154 2711 ejus
2172 2657 2302 2695 locum
2321 2656 2388 2694 de-

1346 2715 1557 2759 veniemus,
1599 2713 1676 2751 illae
1712 2712 1802 2753 vero
1840 2714 2073 2764 aequationes
2110 2710 2389 2762 aequationibus

1347 2767 1468 2805 centri
1485 2767 1583 2804 Solis
1597 2775 1710 2804 erunt
1720 2768 2032 2816 proportionales,
2048 2779 2139 2803 nam
2154 2763 2245 2802 cum
2259 2771 2391 2801 motus

1352 2820 1451 2859 Solis
1463 2819 1513 2857 sit
1529 2819 1570 2856 in
1590 2818 1785 2868 duplicata
1798 2815 2148 2858 ratione'distantiae
2162 2814 2310 2854 inverse
2328 2817 2391 2866 (ut

1348 2880 1562 2922 exponetur
1593 2872 1635 2909 in
1666 2872 1758 2910 nota
1778 2873 1833 2926 (⁰)
1854 2872 2027 2922 proxime
2045 2870 2237 2921 sequenti)
2271 2869 2320 2906 sit
2348 2881 2389 2904 m

1349 2934 1479 2964 motus
1496 2925 1648 2963 medius
1660 2925 1822 2963 diurnus
1838 2926 1938 2964 Solis
1954 2926 1996 2963 in
2014 2925 2197 2963 mediocri
2212 2920 2391 2960 distantia

1351 2991 1388 3022 a,
1424 2979 1467 3016 in
1502 2978 1684 3017 distantia
1718 2979 1851 3030 quavis
1886 2993 1910 3018 a
1945 2980 1994 3029 ,4-
2026 2992 2053 3017 x
2087 2978 2121 3016 is
2155 2984 2285 3016 motus
2320 2974 2392 3013 erit

1419 3045 1442 3069 a

1387 3110 1427 3148 4-
1473 3077 1513 3120 '2
1544 3077 1597 3112 m,
1628 3078 1698 3105 seu
1729 3065 1772 3103 in
1799 3065 1936 3105 seriem
1955 3063 2178 3104 resolvendo
2195 3065 2295 3102 hanc
2323 3075 2391 3100 ex-

1350 3123 1374 3148 a
1447 3121 1474 3148 x

1750 3169 1877 3207 —21

1350 3195 1587 3246 pressionem
1601 3197 1674 3236 erit
1689 3209 1731 3235 m
1750 3213 1791 3251 ÷
1817 3220 1872 3269 ἶ-
1894 3210 1946 3244 m,
1962 3197 2053 3236 hinc
2067 3196 2281 3236 differentia
2293 3195 2410 3245 inter,

1352 3321 1506 3352 motum
1524 3314 1699 3354 medium
1718 3321 1756 3352 et
1773 3327 1907 3354 verum
1926 3305 2074 3366 eritss
2091 3288 2156 3345 {3
2188 3327 2242 3362 m,
2275 3321 2314 3352 et
2345 3326 2392 3352 ex

2108 3363 2133 3387 a

1352 3398 1506 3438 summa
1524 3412 1655 3438 earum
1667 3400 1970 3438 differentiarum
1983 3401 2253 3440 conflabuntur
2264 3412 2391 3449 aequa-

1352 3453 1477 3490 tiones
1494 3453 1615 3491 centri
1632 3453 1731 3492 Solis
1741 3468 1753 3500 ;
1773 3452 1865 3491 cum
1883 3467 1977 3506 ergo
1995 3455 2228 3506 aequationes
2246 3452 2394 3504 apogaei

1758 3557 1773 3571 A
1917 3560 1926 3568 .
2149 3532 2174 3566 5
2187 3540 2213 3564 x
2280 3532 2305 3566 3
2320 3538 2345 3563 x

1352 3564 1392 3596 et
1411 3558 1539 3597 Lunae
1556 3571 1605 3598 ex
1622 3572 1777 3598 summa
1794 3567 2054 3611 quantitatum
2078 3561 2129 3611 ,4-
2147 3581 2214 3632 T
2226 3573 2266 3611 g,
2282 3579 2339 3587 —-
2366 3570 2394 3595 n

1353 3659 1541 3698 constent,
1562 3660 1677 3691 erunt
1693 3652 1778 3691 istae
1791 3655 2026 3705 aequationes
2042 3653 2166 3692 ubivis
2183 3654 2222 3690 in
2242 3650 2395 3701 punctis

1353 3704 1736 3754 correspondentibus
1764 3720 1833 3745 seu
1860 3708 1903 3745 in
1928 3708 2141 3758 aequalibus
2167 3708 2216 3745 ab
2241 3704 2395 3756 aphelio

1356 3756 1488 3795 Terrae
1505 3757 1696 3797 distantiis
1712 3759 1755 3796 in
1772 3760 1919 3799 ratione
1937 3760 2124 3798 constanti
2146 3765 2169 3798 3
2188 3773 2228 3809 g,
2258 3768 2296 3796 et
2323 3763 2347 3795 8
2368 3769 2395 3793 n

1353 3809 1404 3847 ad
1432 3815 1457 3848 2
1477 3822 1537 3850 m:
1578 3810 1744 3862 ideoque
1779 3821 1894 3851 erunt
1922 3813 2064 3864 ubique
2095 3811 2394 3863 proportionales

1354 3863 1633 3913 aequationibus
1646 3865 1770 3913 centri
1790 3865 1901 3916 Solis·
