2540 4296
110 296 293 347 LIBER
320 291 623 360 Taurum]
707 289 1107 345 PRINCIPIA
1146 286 1764 343 MATHEMATICA.
2157 289 2257 333 113

112 432 353 486 distantia
397 437 511 502 (per
560 423 923 486 Corollarium⁷
950 422 1218 501 superius)
1250 434 1327 483 est
1370 432 1436 483 ad
1477 430 1770 483 distantiam
1814 426 1975 479 centri
2020 426 2187 476 Lunae
2231 444 2264 475 a

44 547 47 549 ·
112 523 375 574 communi
399 523 662 595 gravitatis
689 524 865 573 centro
890 520 1076 572 Terrae
1102 506 1154 572 et
1180 521 1365 582 Lunae,
1392 525 1667 591 ut34sO.788
1697 517 1764 568 ad
1791 522 1909 570 39.7
1917 523 2010 567 88:
2041 513 2261 583 ideoque

113 613 353 665 distantia
391 612 645 681 posterior
691 621 766 663 est
805 610 999 679 pedum
1028 609 1414 664 1158268534.
1487 609 1558 663 Et
1598 607 1718 660 cum
1760 608 1913 658 Luna
1952 605 2259 666 revolvatur,

112 714 349 774 respectu
376 704 613 765 fixarum,
654 701 836 752 diebus
864 707 950 764 27,
976 700 1120 753 horis
1147 707 1195 763 7,
1229 710 1280 750 et
1303 698 1513 749 minutis
1540 698 1719 767 primis
1746 697 1877 762 43323
1920 695 2059 746 sinus
2086 712 2262 745 versus

112 795 304 865 anguli,
346 812 498 864 quem
525 793 678 845 Luna
714 802 948 859 tempore
984 780 1175 844 minuti
1195 791 1347 841 unius
1372 789 1528 857 primi
1553 790 1813 851 describit,
1853 797 1931 839 est
1959 792 2259 848 12752341,

114 887 364 938 existente
405 883 551 935 radio
598 890 1225 945 1000,000000,000000.
1305 881 1374 931 Et
1409 890 1467 931 ut
1503 880 1677 931 radius
1717 889 1793 931 est
1830 879 1897 930 ad
1926 879 2066 929 hunc
2094 877 2263 929 sinum

110 995 333 1038 versum,
355 974 447 1026 ita
473 983 592 1024 sunt
616 973 774 1041 pedes
806 980 1158 1026 1158268534·
1199 971 1267 1023 ad
1305 971 1464 1040 pedes
1497 975 1850 1026 14.7706353.
1928 969 2081 1020 Luna
2105 969 2264 1039 igitur

110 1065 161 1116 vi
198 1063 301 1126 illa,
344 1060 443 1131 qua
471 1062 720 1113 retinetur
745 1062 800 1112 in
828 1062 970 1124 orbe,
1014 1060 1327 1114 caden'doin
1353 1060 1591 1122 Terram,
1636 1070 1871 1127 tempore
1898 1060 2084 1110 minuti
2109 1060 2263 1110 unius

107 1155 263 1223 primi
303 1154 558 1205 describet
601 1154 759 1222 pedes
807 1139 1161 1208 14.7706353.
1242 1150 1314 1213 Et
1356 1141 1596 1222 augendo
1639 1150 1774 1201 hanc
1819 1150 1924 1201 vim
1966 1151 2018 1200 in
2061 1150 2265 1201 ratione

114 1243 284 1310 178-‘3-—3-
329 1243 394 1293 ad
442 1249 505 1298 17
515 1243 628 1311 733,
673 1242 949 1293 habebitur
963 1231 1184 1307 <vis-'tota
1208 1237 1472 1310 gravitatis
1516 1240 1570 1289 in
1614 1239 1740 1290 orbe
1768 1238 1936 1289 Lunae
1961 1257 2057 1307 per
2086 1239 2263 1290 Corol.

113 1331 273 1399 Prop.
297 1331 401 1382 III.
468 1331 538 1381 Et
562 1329 659 1380 hac
683 1331 734 1380 vi
760 1330 914 1380 Luna
939 1328 1173 1380 cadendo
1193 1337 1426 1397 tempore
1451 1328 1636 1378 minuti
1661 1328 1814 1378 unius
1833 1327 1988 1396 primi
2009 1327 2266 1378 describet

108 1420 267 1488 pedes
300 1422 655 1472 14.8538067.
736 1417 806 1468 Et
831 1417 899 1468 ad
925 1417 1295 1488 sexagesimam
1321 1424 1519 1485 partem
1548 1417 1804 1469 distantiae
1836 1418 2006 1469 Lunae
2032 1437 2062 1468 a
2088 1427 2265 1468 centro

111 1508 309 1571 Terrae,
357 1508 412 1559 id
450 1518 525 1559 est
558 1508 625 1559 ad
664 1508 956 1559 distantiam
982 1509 1179 1577 pedum
1209 1514 1524 1564 197896573
1564 1529 1595 1560 a
1631 1520 1808 1560 centro
1836 1511 2034 1573 Terrae,
2077 1529 2264 1578 corpus

113 1618 272 1670 grave
322 1608 553 1667 tempore
602 1600 789 1650 minuti
839 1600 992 1651 unius
1043 1600 1257 1651 secundi
1308 1600 1547 1652 cadendo
1599 1601 1856 1654 describet
1905 1602 2058 1654 etiam
2105 1603 2266 1671 pedes

116 1696 468 1745 14.8538067.
549 1690 780 1760 Ideoque
806 1690 873 1741 ad
899 1691 1195 1742 distantiam
1230 1691 1425 1760 pedum
1453 1699 1752 1755 19615800,
1794 1712 1910 1762 quae
1935 1704 2054 1744 sunt
2081 1694 2266 1745 Terrae

110 1780 512 1831 semi-diameter
549 1779 840 1842 mediocris,
887 1798 1044 1850 grave
1082 1780 1316 1831 cadendo
1354 1780 1611 1832 describet
1645 1781 1804 1849 pedes
1847 1788 2131 1845 15.11175,
2175 1802 2265 1833 seu

107 1868 269 1938 pedes
299 1875 381 1931 15,
413 1868 519 1939 dig.
550 1876 596 1931 l,
637 1878 688 1920 et
721 1868 811 1919 lin.
839 1870 955 1933 45¹5.
1035 1868 1143 1920 Hic
1177 1869 1274 1920 erit
1298 1869 1573 1921 descensus
1613 1888 1890 1938 corporum
1916 1871 1969 1920 in
1996 1871 2267 1923 latitudine

0 1984 19 2039 >²
70 1961 369 2032 ¹graduum
408 1967 494 2012 45.
572 1960 643 2011 Et
683 1979 778 2029 per
803 1959 1032 2011 tabulam
1056 1960 1437 2029 praecedentem
1480 1961 1534 2011 in
1579 1960 1736 2029 Prop.
1767 1961 1903 2027 XX.
1935 1961 2263 2030 descriptam,

0 2076 12 2096 ν
43 2053 52 2063 ”
111 2050 390 2101 descensus
435 2050 532 2101 erit
572 2049 730 2118 paulo
772 2050 937 2118 major
975 2049 1030 2099 in
1068 2049 1343 2101 latitudine
1384 2049 1608 2100 Lutetiae
1653 2050 1971 2101 Parisiorum
2013 2051 2266 2103 existente

114 2160 327 2193 excessu
367 2141 511 2211 quasi
551 2140 585 2208 ξ
627 2141 851 2209 partium
893 2140 1060 2192 lineae.
1157 2140 1352 2192 Gravia
1391 2140 1550 2211 igitur
1588 2159 1683 2209 per
1722 2139 1824 2191 hoc
1865 2152 2168 2209 computum
2212 2143 2267 2192 in

132 2232 385 2283 atitudine
422 2230 646 2282 Lutetiae
684 2230 919 2282 cadendo
961 2231 1016 2281 in
1059 2237 1223 2282 vacuo
1260 2231 1555 2282 describent
1592 2241 1825 2300 tempore
1861 2233 2014 2283 unius
2053 2234 2266 2285 secundi

107 2320 268 2389 pedes
300 2319 616 2371 Parisienses
647 2326 730 2382 15,
760 2319 864 2390 dig.
897 2325 942 2381 1,
971 2328 1022 2370 et
1045 2319 1136 2370 lin.
1165 2320 1266 2386 4-ξέ
1293 2320 1510 2371 circiter.
1577 2321 1648 2372 Et
1673 2322 1714 2372 si
1741 2321 1965 2391 gravitas
2001 2323 2267 2374 minuatur

109 2409 393 2461 auferendo
436 2409 543 2460 vim
587 2408 944 2479 centrifugam,
992 2428 1107 2478 quae
1152 2409 1316 2460 oritur
1359 2429 1389 2460 a
1432 2419 1578 2460 motu
1621 2409 1809 2460 diurno
1855 2410 2038 2462 Terrae
2082 2411 2136 2461 in
2180 2412 2266 2463 illa

108 2499 398 2561 latitudine,
445 2498 621 2569 gravia
664 2498 737 2549 ibi
782 2498 1018 2549 cadendo
1044 2499 1338 2551 describent
1375 2510 1608 2568 tempore
1634 2501 1821 2552 minuti
1860 2502 2012 2552 unius
2054 2504 2266 2555 secundi

108 2590 268 2659 pedes
300 2597 383 2653 15,
411 2589 515 2660 dig.
548 2597 594 2652 1,
624 2598 674 2640 et
698 2589 787 2640 lin.
821 2593 901 2655 1}-
979 2589 1049 2641 Et
1071 2589 1169 2641 hac
1195 2590 1464 2656 velocitate
1490 2576 1670 2661 gravia
1706 2592 1890 2643 cadere
1915 2593 1969 2642 in
1995 2593 2266 2646 latitudine

115 2681 339 2732 Lutetiae
367 2699 524 2749 supra
550 2689 815 2731 ostensum
842 2690 919 2731 est
944 2680 1010 2731 ad
1038 2680 1199 2750 Prop.
1229 2681 1324 2733 IV.
1353 2691 1404 2733 et
1430 2682 1596 2733 XIX.

183 2774 345 2824 Corol.
388 2781 436 2824 8.
512 2771 776 2825 Distantia
799 2772 1073 2823 mediocris
1113 2782 1407 2824 centrorum
1435 2773 1617 2824 Terrae
1658 2784 1709 2825 et
1746 2774 1915 2826 Lunae
1952 2775 2005 2825 in
2046 2777 2265 2847 syzygiis

112 2864 280 2915 Lunae
308 2875 385 2916 est
411 2865 680 2935 sexaginta
706 2859 1230 2916 semi-diametrorum
1256 2865 1602 2916 maximarum
1628 2865 1829 2928 Terrae,
1878 2865 2086 2934 dempta
2114 2870 2266 2920 trice-

111 2953 238 3005 sima
277 2963 425 3022 parte
470 2955 862 3007 semindiametri
906 2955 1123 3007 circiter.
1201 2955 1272 3007 Et
1320 2956 1374 3007 in
1424 2957 1752 3026 quadraturis
1803 2957 1972 3010 Lunae
2023 2959 2265 3012 distantia

109 3043 385 3095 mediocris
413 3043 696 3095 eorundem
734 3054 1030 3095 centrorum
1057 3053 1134 3095 est
1159 3047 1263 3114 60}
1289 3046 1810 3097 semi-diametrorum
1847 3046 2048 3098 Terrae.
2126 3048 2266 3100 Nam

109 3131 193 3183 hae
220 3132 338 3183 duae
365 3132 623 3183 distantiae
650 3142 769 3184 sunt
807 3132 876 3184 ad
914 3132 1212 3184 distantiam
1237 3133 1552 3185 mediocrem
1580 3134 1748 3185 Lunae
1786 3134 1839 3184 in
1878 3135 2168 3187 octantibus
2207 3148 2265 3189 ut

112 3225 259 3272 69‘et
285 3226 351 3275 70
379 3220 445 3271 ad
472 3224 571 3286 69}
601 3239 694 3288 per
722 3221 879 3288 Prop.
911 3221 1190 3272 XXVIII.

187 3308 348 3359 Corol.
377 3316 425 3360 9.
503 3309 766 3360 Distantia
789 3309 1064 3360 mediocris
1090 3319 1388 3362 centrorum
1415 3312 1598 3363 Terrae
1642 3323 1691 3364 et
1736 3313 1903 3365 Lunae
1946 3314 2000 3365 in
2045 3316 2263 3385 syzygiis

114 3395 283 3447 Lunae
327 3406 405 3446 est
444 3395 711 3466 sexaginta
755 3397 1279 3449 semi-diametrorum
1321 3400 1659 3453 mediocrium
1688 3402 1871 3453 Terrae
1907 3421 2025 3453 cum
2062 3404 2261 3457 decima

112 3492 259 3550 parte
285 3482 690 3536 semi-diametri.
770 3485 841 3537 Et
865 3485 919 3535 in
946 3486 1271 3555 quadraturis
1299 3488 1469 3540 Lunae
1494 3489 1736 3542 distantia
1771 3492 2045 3543 mediocris
2073 3512 2262 3545 eorun-

113 3573 233 3624 dem
277 3584 572 3626 centrorum
621 3586 698 3627 est
746 3577 1016 3647 sexaginta
1058 3587 1110 3628 et
1152 3579 1304 3629 unius
1354 3580 1876 3634 semi-diametrorum
1924 3584 2262 3637 mediocrium

115 3660 313 3726 Terrae,
343 3662 550 3732 dempta
577 3663 833 3717 tricesima
860 3675 1007 3733 parte
1033 3667 1441 3720 semi-diametri.

1146 3927 1234 3965 H4
