2540 4296
278 264 376 314 106
792 260 1360 313 PHILOSOPHIAE
1402 257 1856 313 NATURALIS
1894 261 2012 325 [DE
2037 260 2241 312 Mum).
2266 262 2417 317 SYs'r.

273 400 450 481 anguli
494 401 565 452 sic
604 400 814 462 inventi,
859 401 930 451 ita
972 403 1037 451 2'.
1084 403 1200 454 25'‘.
1248 411 1369 453 sunt
1411 401 1480 453 ad
1522 402 1866 471 aequationem
1916 402 2079 453 centri
2121 402 2417 468 secundam,

274 491 583 554 addendam,
621 492 664 542 si
698 508 899 541 summa
936 490 1024 543 illa
1057 492 1122 544 sit
1156 493 1326 544 minor

275 579 639 641 semi-circulo,
668 578 1056 631 subducendam
1081 581 1122 631 si
1147 583 1325 650 major.

278 671 365 723 Sic
388 670 664 721 habebitur
695 670 802 738 ejus
829 670 1100 740 longitudo
1124 672 1176 722 in
1203 674 1326 741 ipsis

275 760 606 811 luminarium
632 759 866 829 syzygiis.

351 850 487 903 Cum
503 850 850 918 atmosphaera
871 851 1053 902 Terrae
1081 853 1147 904 ad
1166 871 1328 923 usque

274 941 599 993 altitudinem
628 940 924 991 milliarium
953 949 1018 993 35
1046 942 1123 993 vel
1153 950 1222 994 40
1248 962 1329 994 re-

273 1031 465 1102 fringat
500 1033 670 1084 lucem
713 1034 863 1096 Solis,
906 1044 957 1085 et
993 1034 1328 1105 refringendo

273 1132 484 1193 spargat
512 1123 730 1175 eandem
766 1124 820 1174 in
857 1123 1095 1174 umbram
1122 1124 1323 1196 Terrae,

271 1220 325 1262 et
350 1212 642 1282 spargendo
667 1213 837 1264 lucem
862 1213 917 1262 in
943 1213 1170 1265 confinio
1196 1215 1396 1266 umbrae
1422 1215 1601 1267 dilatet
1624 1215 1862 1267 umbram
1882 1235 1894 1267 t
1925 1216 1986 1286 (³)
2015 1217 2082 1268 ad
2106 1217 2414 1270 diametrum

273 1302 501 1364 umbrae,
538 1319 654 1371 quae
692 1320 786 1370 per
821 1301 1128 1369 parallaxim
1171 1303 1364 1371 prodit,
1412 1304 1550 1355 addo
1591 1304 1850 1355 minutum
1892 1323 2055 1357 unum
2093 1307 2320 1374 primum
2362 1309 2416 1359 in

271 1391 547 1459 eclipsibus
575 1390 760 1464 Lunae,
789 1390 869 1441 vel
895 1390 1152 1442 minutum
1179 1410 1343 1442 unum
1368 1411 1488 1443 cum
1513 1393 1714 1443 triente.

345 1482 576 1533 Theoria
602 1481 726 1533 vero
757 1482 925 1533 Lunae
950 1482 1120 1551 primo
1147 1483 1200 1533 in
1227 1483 1464 1553 syzygiis,
1494 1482 1682 1534 deinde
1706 1482 1761 1532 in
1789 1482 2130 1552 quadraturis,
2159 1495 2208 1536 et
2233 1485 2415 1535 ultimo

272 1571 323 1620 in
368 1570 659 1621 octantibus
710 1588 806 1638 per
854 1571 1203 1639 phaenomena
1252 1572 1539 1624 examinari
1584 1582 1635 1623 et
1675 1572 1890 1623 stabiliri
1933 1574 2101 1625 debet.
2177 1575 2247 1625 Et
2285 1595 2415 1643 opus

271 1661 437 1713 hocce
474 1680 813 1732 aggressurus
851 1672 1023 1714 motus
1049 1664 1246 1714 medios
1276 1664 1411 1716 Solis
1450 1674 1502 1715 et
1539 1663 1708 1714 Lunae
1745 1662 1812 1713 ad
1848 1672 2050 1731 tempus
2077 1663 2417 1716 meridianum

270 1750 325 1800 in
354 1749 729 1802 Obseru'atorio
759 1752 928 1822 Regio
956 1752 1348 1816 Grenovicensi,
1378 1753 1462 1805 die
1502 1753 1683 1804 ultimo
1720 1753 1910 1803 mensis
1951 1753 2257 1805 Decembris
2295 1756 2416 1806 anni

275 1847 429 1896 1700.
469 1851 530 1893 st.
570 1852 670 1893 vet.
709 1860 816 1893 non
853 1843 1181 1896 incommode
1218 1854 1487 1914 sequentes
1515 1844 1811 1895 adhibebit:
1851 1863 2038 1912 nempe
2074 1856 2270 1896 motum
2309 1865 2415 1897 me-

270 1932 414 1983 dium
445 1933 579 1985 Solis
616 1938 671 1986 16>
712 1940 835 1986 205¹.
863 1937 965 1986 43'.
994 1937 1111 1988 40¹².
1151 1946 1202 1987 et
1239 1936 1443 2007 apogaei
1480 1937 1586 2004 ejus
1613 1947 1665 1978 0-5
1696 1941 1781 1989 7⁸¹.
1811 1937 2089 1997 44'.'30''.‚
2131 1947 2182 1986 et
2218 1946 2415 1987 motum

269 2022 499 2074 medium
527 2023 696 2074 Lunae
721 2032 774 2067 22:
807 2031 927 2076 153‘.
956 2026 1057 2075 21¹.
1086 2026 1222 2087 OO''.,
1263 2035 1315 2075 et
1340 2024 1543 2095 apogaei
1569 2025 1676 2093 ejus
1708 2030 1750 2072 3<
1785 2029 1871 2074 8gr.
1900 2025 2001 2074 20'.
2030 2025 2164 2086 00''.‚
2206 2034 2258 2074 et
2292 2025 2415 2075 nodi

268 2112 592 2163 ascendentis
622 2115 673 2164 δῖ.
703 2117 826 2166 272¹:
856 2114 958 2163 24‘.
988 2112 1139 2174 20''.;
1180 2123 1231 2163 et
1257 2112 1602 2163 differentiam
1627 2110 2031 2162 meridianorum
2060 2110 2430 2181 Observatorii

266 2203 422 2272 hujus
460 2212 512 2254 et
547 2203 905 2254 Observatorii
946 2203 1102 2273 Regii
1141 2202 1445 2254 Parisiensis
1477 2201 1549 2254 Oh.
1589 2202 1654 2253 9'.
1683 2201 1800 2252 20''.
1841 2209 2010 2251 motus
2047 2210 2219 2251 autem
2255 2201 2413 2253 medii
2475 2222 2481 2226 Ὗ

273 2292 443 2344 Lunae
468 2301 520 2344 et
545 2292 747 2363 apogaei
772 2294 880 2360 ejus
906 2292 1141 2344 nondum
1167 2292 1286 2345 satis
1313 2290 1550 2344 accurate
1574 2290 1846 2343 habentur.

267 2470 325 2501 est
360 2462 451 2502 vero
486 2464 519 2502 F
560 2468 607 2515 Θ
647 2479 704 2506 =
746 2463 782 2501 P
821 2464 870 2507 E,
903 2463 993 2502 cum
1026 2471 1120 2515 ergo

271 2517 308 2553 A
350 2517 388 2555 E
422 2525 480 2555 est
519 2520 642 2569 maj0r
680 2516 952 2563 semi-circulo,
990 2524 1036 2554 ut
1072 2518 1116 2556 in
1512 2511 1540 2565 b
1771 2531 1774 2534 ·
1840 2517 1905 2572 ²:150<

265 2569 403 2619 figura,
450 2578 544 2608 tunc
595 2571 629 2608 P
676 2570 713 2607 E
760 2570 838 2607 sive
888 2569 921 2608 F
969 2574 1016 2622 Θ
1058 2577 1116 2608 est

265 2622 395 2660 minor
431 2623 706 2668 semi-circulo,
753 2631 811 2660 est
850 2636 943 2673 ergo
983 2629 1031 2676 Θ
1074 2623 1116 2660 in

266 2676 540 2726 consequentia
571 2683 748 2725 respectu
779 2677 913 2724 puncti
948 2678 993 2724 F,
1024 2676 1116 2715 hinc

266 2728 518 2767 subducenda
553 2739 609 2767 est
646 2742 691 2767 ea
726 2730 915 2779 aequati03
946 2732 996 2769 sit
1026 2727 1118 2768 vero

270 2782 309 2819 A
328 2782 364 2819 E
385 2782 512 2820 minor
525 2782 784 2821 semi-circulo
799 2782 870 2819 erit
893 2784 926 2821 P
941 2785 977 2821 E
998 2784 1120 2832 major

266 2835 527 2873 semi-circulo
546 2843 590 2873 ut
608 2843 647 2873 et
669 2836 702 2872 F
720 2839 784 2886 Θ,
804 2833 968 2886 ideoque
988 2845 1044 2875 est
1065 2840 1113 2887 Θ

267 2887 308 2924 in
322 2888 586 2926 antecedentia
599 2898 774 2936 respectu
796 2888 828 2926 F
841 2903 851 2934 ;
873 2898 1120 2936 promovetur

266 2940 398 2990 itaque
415 2941 532 2979 Luna
550 2948 705 2990 propter
723 2943 822 2979 hanc
839 2945 1116 2991 aequationem3

268 2992 452 3032 caet'erum
487 3007 567 3032 non
604 3001 756 3032 tantum
787 2994 829 3031 in
865 2994 1120 3032 luminarium

267 3046 443 3098 syzygiis,
459 3047 526 3085 sed
541 3047 588 3085 ad
603 3054 759 3085 caeteros
775 3047 902 3085 Lunae
916 3048 1120 3097 adspectus

268 3100 351 3137 haec
379 3099 549 3149 adaptari
577 3108 748 3148 possunt,
780 3098 915 3137 verum
946 3112 1117 3138 commo-

268 3152 357 3190 dius
375 3160 433 3191 est
450 3153 691 3198 astronomis,
722 3153 909 3190 theoriam
930 3166 1042 3191 suam
1070 3165 1118 3191 ex

268 3205 512 3256 syzygiarum
523 3205 848 3244 observationibus
866 3206 1063 3256 explorare
1081 3214 1119 3244 et

269 3258 515 3297 constituere.

324 3327 378 3380 (¹)
402 3330 422 3352 ³*
443 3329 506 3366 Ad
524 3330 755 3374 diametrum
774 3331 932 3368 umbroe.
987 3329 1120 3367 Paral-

268 3381 365 3419 laxis
396 3388 453 3418 est
484 3382 654 3432 angulus
683 3381 753 3431 qui
781 3382 1027 3419 subtenditur
1054 3395 1122 3431 per

269 3433 617 3472 semi-diametrum
640 3434 676 3471 T
677 3447 771 3472 errae
797 3447 845 3472 ex
875 3433 993 3473 Luna
1010 3447 1117 3483 spec-

268 3494 386 3532 tatae3
417 3487 502 3536 jam
537 3485 628 3525 vero
664 3494 818 3536 propter
854 3489 1119 3536 atmosphaerae
2072 3524 2078 3531 ,

268 3539 460 3577 actionem
493 3540 536 3577 in
566 3539 691 3578 radios
720 3540 820 3578 lucis
850 3540 956 3578 idem
993 3541 1122 3578 evenit
1205 3569 1209 3571 -
2074 3536 2079 3543 ’

269 3600 447 3640 respectu
483 3594 632 3631 umbrae
668 3605 713 3631 ac
750 3594 782 3630 si
818 3593 1119 3632 semi-diameter
1191 3567 1251 3611 A*
2059 3569 2099 3616 C

272 3645 404 3683 Terrae
422 3649 473 3684 35
493 3645 554 3683 vel
573 3651 625 3684 40
642 3645 872 3685 milliaribus
898 3654 1116 3697 augeretur,

269 3709 362 3735 nam
401 3697 498 3736 radii
538 3697 626 3736 illac
666 3707 869 3749 pergentes
907 3708 1050 3737 rectam
1087 3699 1189 3737 viam
1229 3713 1310 3739 non
1362 3702 1467 3752 gitur
1511 3716 1603 3755 ergo
1646 3707 1898 3756 atmosphaera
1941 3707 2023 3745 vice
2066 3707 2233 3755 corporis
2276 3707 2398 3755 opaci,

268 3758 495 3801 sequuntur,
537 3750 604 3788 sed
641 3751 851 3790 introrsum
891 3752 935 3789 in
973 3753 1152 3789 umbram
1190 3754 1310 3804 conji-
1363 3762 1402 3793 et
1445 3759 1583 3795 umbra
1618 3757 1664 3796 ea
1698 3759 1747 3796 de
1783 3760 1897 3797 causa
1938 3760 2087 3797 dilatari
2133 3759 2247 3797 debet
2289 3760 2418 3809 quasi,

268 3802 437 3849 ciuntur,
470 3803 559 3841 hinc
591 3811 721 3841 carent
751 3805 867 3842 radiis
894 3805 1081 3842 solaribus
1112 3804 1194 3843 loca
1220 3818 1308 3855 quae
1362 3808 1662 3848 semi-diameter
1695 3812 1825 3850 Terrae
1853 3813 1893 3849 in
1923 3817 1973 3851 35
2001 3813 2059 3849 vel
2089 3817 2141 3850 40
2172 3812 2400 3850 milliaribus

269 3861 372 3894 “ans
398 3856 691 3905 atmosphaeram
709 3869 775 3895 eos
802 3857 968 3906 recipere
994 3857 1189 3904 deberent,
1216 3858 1307 3897 fun·
1360 3859 1460 3898 foret
1477 3868 1601 3899 aucta·
