2540 4296
242 287 344 357 140
752 283 1324 336 PHILOSOPHIAE
1362 285 1816 340 NATURALIS
1869 289 1988 354 [DE
2008 290 2211 343 Mum).
2235 294 2384 345 Svs'r.

230 426 552 498 triangulum
590 428 640 480 A
681 429 718 482 S
758 429 803 480 C
842 426 895 479 in
933 428 1115 481 eadem
1151 431 1367 494 ratione,
1406 430 1503 483 erit
1539 451 1660 485 area
1695 441 1805 484 tota
1840 434 1891 484 A
1921 435 1957 486 S
1995 434 2042 486 E
2078 437 2135 487 X
2171 459 2207 498 μ
2233 440 2284 489 Α
2322 441 2388 491 ad

227 534 407 568 aream
432 526 595 568 totam
623 518 673 567 A
704 517 741 568 S
772 517 816 568 C
846 517 895 569 Y
918 539 955 578 μ
981 519 1031 569 Α
1056 529 1115 569 ut
1144 520 1193 570 A
1218 519 1264 570 E
1290 520 1358 570 ad
1385 520 1436 571 A
1456 521 1517 572 C.
1597 520 1732 573 Cum
1759 532 1932 573 autem
1955 524 1985 589 ξ
2012 522 2062 575 Ο
2089 524 2154 576 sit
2180 526 2247 577 ad
2276 529 2312 579 S
2336 529 2387 580 O

224 617 282 658 ut·
310 614 340 659 3
369 607 437 658 ad
467 615 514 671 1,
542 616 594 658 et
621 606 977 659 EOadXO
1069 637 1115 669 :n

221 695 277 745 in
302 693 485 746 eadem
504 694 721 757 ratione,
746 695 843 746 erit
864 695 901 747 S
919 695 978 747 X
1056 664 1067 700 ι
1073 684 1368 773 .........................

218 785 319 854 ipsi
384 786 432 837 E
484 786 531 837 B
579 786 857 855 parallela;
922 798 974 838 et
1329 792 1334 800 ¹
1373 768 1454 795 ”””””
1455 792 1537 872 ;··-(ἑ
1558 819 1562 823 ,

216 886 496 946 propterea
512 877 555 928 si
564 879 816 949 jungatur
835 878 881 929 B
895 878 969 941 X,

217 968 315 1021 erit
338 969 660 1040 triangulum
689 971 726 1022 S
745 970 792 1021 E
815 970 861 1022 B
880 970 972 1021 tri-

216 1057 411 1128 angulo
458 1059 516 1110 X
562 1058 610 1110 E
657 1058 705 1111 B
749 1059 967 1129 aequale.
1219 1114 1223 1119 ,
1918 1097 1923 1107 ,

219 1146 379 1198 Unde
408 1146 452 1197 si
477 1146 544 1197 ad
569 1165 744 1198 aream
773 1147 823 1198 A
843 1147 950 1199 SE
972 1147 1029 1198 X
1047 1168 1084 1209 μ
1110 1150 1161 1200 Α
1187 1148 1411 1201 addatur
1436 1149 1756 1220 triangulum
1783 1148 1831 1202 E
1850 1148 1908 1201 X
1931 1150 1993 1212 B,
2018 1161 2068 1202 et
2094 1152 2159 1202 de
2187 1151 2387 1203 summ&

215 1234 481 1288 auferatur
501 1236 822 1307 triangulum
842 1236 879 1287 S
902 1235 949 1289 E
973 1236 1049 1298 B3
1077 1238 1309 1290 manebit
1327 1257 1450 1290 area
1469 1239 1520 1289 A
1543 1239 1580 1290 S
1600 1238 1645 1290 B
1665 1238 1723 1289 X
1740 1259 1777 1299 μ
1795 1239 1845 1289 Α
1865 1256 2001 1289 areae
2021 1239 2072 1290 A
2091 1239 2128 1291 S
2147 1240 2194 1291 E
2213 1241 2268 1291 X
2284 1262 2320 1301 μ
2338 1242 2390 1292 Α

214 1328 464 1398 aequalis:
503 1338 661 1398 atque
686 1326 806 1378 ideo
834 1327 901 1378 ad
927 1346 1102 1381 aream
1128 1330 1180 1381 A
1210 1331 1248 1382 S
1276 1329 1323 1381 C
1351 1330 1404 1381 Y
1427 1351 1464 1390 μ,
1490 1330 1542 1380 Α
1570 1339 1626 1381 ut
1653 1329 1705 1379 A
1732 1328 1780 1380 E
1806 1328 1873 1380 ad
1900 1329 1951 1380 A
1981 1328 2041 1380 C.
2121 1330 2228 1381 Sed
2254 1349 2391 1382 areae

216 1416 269 1467 A
298 1416 336 1468 S
366 1415 413 1468 B
442 1415 501 1466 X
526 1437 563 1476 μ
588 1416 639 1466 Α
677 1415 890 1485 aequalis
928 1425 1006 1466 est
1044 1434 1165 1467 area
1203 1417 1255 1468 A
1284 1418 1321 1469 S
1350 1417 1397 1469 B
1423 1416 1476 1468 Y
1501 1438 1538 1478 μ
1563 1417 1616 1468 A
1655 1416 1719 1484 (δ)
1747 1415 2159 1485 quamproxime,
2199 1428 2251 1469 et
2275 1417 2391 1470 haec

215 1527 341 1561 area
362 1509 414 1560 A
439 1509 477 1561 S
498 1508 544 1559 B
562 1508 614 1559 Y
631 1529 667 1569 ,ω
688 1507 739 1559 Α
758 1519 836 1560 est
854 1508 919 1559 ad
943 1527 1117 1560 aream
1135 1510 1185 1560 A
1210 1509 1246 1560 S
1270 1508 1315 1559 C
1338 1508 1387 1559 Y
1409 1529 1446 1569 μ,
1466 1508 1534 1571 A,
1567 1507 1626 1576 (⁰)
1655 1517 1713 1558 ut
1738 1517 1942 1575 tempus
1968 1507 2216 1576 descripti
2240 1509 2390 1561 arcus

215 1603 267 1654 A
291 1602 338 1654 B
365 1601 435 1653 ad
460 1611 666 1670 tempus
692 1600 844 1653 arcus
869 1602 1027 1653 totius
1048 1602 1099 1653 A
1125 1601 1186 1652 C.
1241 1600 1476 1669 Ideoque
1497 1599 1549 1650 A
1572 1598 1619 1650 E
1639 1608 1718 1650 est
1736 1598 1805 1649 ad
1831 1598 1884 1650 A
1907 1598 1952 1649 C
1971 1599 2026 1648 in
2045 1600 2245 1651 ratione
2261 1611 2391 1652 tem-

214 1713 409 1764 porum
430 1673 840 1765 quamproxime.
920 1693 989 1754 Q.
1018 1712 1061 1744 e.
1090 1692 1140 1743 d.

290 1784 456 1835 Corol.
499 1783 610 1835 Ubi
633 1793 890 1851 punctum
918 1782 965 1833 B
991 1781 1175 1832 incidit
1199 1781 1255 1831 in
1279 1779 1546 1849 parabolae
1570 1777 1815 1831 verticem
1839 1799 1892 1841 μ,
1922 1788 2001 1829 est
2029 1779 2081 1830 A
2102 1778 2149 1831 E
2175 1780 2242 1831 ad
2268 1780 2320 1832 A
2344 1781 2389 1833 C

210 1871 264 1924 in
292 1873 492 1924 ratione
518 1882 817 1941 temporum
845 1873 910 1937 (d)
939 1870 1197 1923 accurate.

208 2016 375 2055 vicissim
393 2017 608 2066 trapezium
626 2035 656 2066 μ,
672 2017 714 2055 Χ
734 2017 756 2055 Ι
771 2016 808 2054 Ε
825 2024 882 2055 est
900 2016 949 2054 ad
968 2016 1265 2067 semi-segmen-

1328 2015 1528 2060 Quoniam
1539 2014 1645 2052 enim
1660 2014 1851 2063 parabolae
1864 2013 1987 2062 portio
2000 2031 2030 2060 μ.
2046 2014 2083 2051 Α
2098 2014 2230 2053 vertici
2241 2013 2386 2063 princi-

207 2078 293 2107 tum
329 2072 366 2108 A
385 2088 416 2119 μ
437 2072 459 2109 Ι
487 2079 533 2109 ut
563 2071 584 2108 I
609 2071 644 2108 E
674 2070 724 2108 ad
756 2071 794 2108 A
818 2071 851 2114 Ι,
882 2082 927 2107 ac
955 2069 1128 2118 proinde,
1158 2082 1265 2107 com·
1319 2069 1397 2117 pali
1418 2069 1573 2119 propior
1591 2075 1659 2113 est,
1682 2080 1727 2105 ea
1741 2067 1785 2105 fit
1800 2067 1951 2105 curvior
1969 2075 2007 2105 et
2024 2081 2048 2105 a
2063 2075 2247 2118 tangente
2273 2086 2303 2118 μ
2326 2069 2383 2111 Χ,

207 2124 389 2171 ponendo
410 2137 498 2162 area
516 2123 728 2162 curvilinea
748 2123 788 2161 >A
811 2141 841 2172 μ
863 2124 905 2161 X
930 2124 980 2167 E,
1011 2131 1069 2160 est
1087 2122 1135 2159 ad
1155 2123 1272 2159 semi·

207 2185 457 2227 segmentum
488 2178 527 2215 A
554 2195 585 2227 μ.
616 2177 653 2222 Ι,
684 2186 731 2215 ut
753 2178 789 2215 A
813 2177 864 2221 E,
894 2177 944 2214 ad
977 2177 1014 2213 A
1035 2176 1074 2221 -Ι,
1105 2173 1273 2224 ideoque

207 2242 296 2268 area
327 2230 540 2268 curvilinea
578 2231 616 2268 A
644 2249 675 2280 μ,
705 2231 747 2268 Χ
778 2231 815 2268 Ε
850 2237 908 2267 est
939 2228 989 2267 ad
1022 2237 1271 2280 segmentum

207 2284 625 2332 totumApoCutA
652 2283 894 2321 EadAC.

263 2336 319 2389 (Β)
337 2339 357 2361 *
381 2336 690 2386 Ωυαηιμνοωίῃιέ.
755 2335 1015 2375 Ob-viciniam
1034 2341 1271 2385 punctorum

207 2408 250 2441 μ,
277 2390 318 2427 Χ
341 2391 408 2442 (ex
427 2389 559 2440 hyp.)-

1326 2122 1452 2172 magis
1471 2121 1639 2159 deflectit
1658 2121 1776 2170 quam
1796 2121 1923 2169 portio
1942 2138 1972 2170 μ,
1994 2121 2040 2166 C,
2062 2134 2086 2158 a
2104 2122 2244 2160 vertice
2263 2139 2305 2171 μ,
2328 2134 2389 2158 re-

1327 2176 1479 2212 motior.
1527 2175 1659 2219 Quare
1678 2174 1709 2211 si
1728 2174 1996 2223 investiganda
2015 2175 2092 2211 sint
2112 2175 2185 2211 tria
2203 2175 2388 2223 temporis

1325 2235 1524 2265 momenta
1544 2228 1684 2277 quibus
1703 2234 1854 2263 cometa
1874 2228 1914 2263 in
1940 2227 2133 2274 parabolae
2153 2227 2247 2264 locis
2266 2230 2387 2265 tribus

1330 2282 1382 2326 A,
1408 2281 1455 2325 B,
1481 2281 1527 2324 C,
1559 2288 1744 2325 versatur,
1775 2277 1829 2316 ita
1857 2287 1902 2317 ut
1933 2281 1970 2316 A
1994 2280 2031 2317 E
2058 2279 2108 2317 sit
2132 2280 2182 2317 ad
2205 2282 2242 2317 A
2268 2282 2313 2327 C,
2344 2289 2388 2318 ut

1326 2341 1549 2382 temporum
1594 2332 1795 2370 intervalla
1831 2330 2022 2379 accurate,
2067 2334 2259 2382 sumenda
2294 2343 2387 2372 sunt

1324 2387 1509 2436 praedicta
1527 2394 1704 2434 tempora
1721 2384 1802 2422 fere
1817 2386 1991 2435 aequalia.
2037 2386 2141 2423 Nam
2157 2388 2207 2424 ob
2221 2387 2384 2437 exiguas

263 2443 322 2495 (⁰)
352 2447 373 2467 *
403 2445 455 2482 Ut
482 2451 633 2494 tempus
660 2446 842 2494 descripti
868 2441 1000 2482 arctis.
1061 2441 1203 2496 (Prop.
1229 2440 1266 2478 I.
1325 2440 1553 2490 trajectoriae
1570 2438 1798 2488 parabolicae
1819 2440 2013 2487 portiones
2032 2440 2299 2478 astronomicis
2317 2443 2387 2478 ob-

209 2497 300 2535 Lib.
328 2496 387 2547 I.)
1327 2494 1607 2531 servationibus
1634 2489 1835 2542 subjectas,
1867 2501 2059 2541 punctum
2092 2492 2141 2536 E,
2171 2505 2250 2530 non
2278 2494 2385 2530 mu]-

263 2550 316 2603 (d)
337 2553 357 2574 ⁹¹⁵
375 2549 582 2589 Accurate.
637 2550 736 2589 Ideo
752 2549 855 2588 enim
876 2550 916 2588 in
936 2561 1029 2586 casu
1046 2547 1268 2586 Lemmatis
1322 2554 1410 2584 tum
1429 2547 1544 2584 distat
1573 2559 1596 2583 a
1624 2544 1784 2586 chordae,
1795 2545 1927 2582 medio
1950 2553 2096 2593 puncto
2123 2546 2156 2583 1.
2220 2548 2387 2594 Oportet

206 2604 324 2654 hujus
348 2604 381 2641 A
402 2605 439 2642 E
461 2617 540 2641 non
559 2611 617 2642 est
634 2604 686 2642 ad
708 2606 745 2642 A
762 2605 795 2643 C
815 2604 856 2641 in
875 2601 1026 2642 ratione
1046 2608 1269 2649 temporum
1322 2608 1454 2637 autem
1474 2599 1721 2637 intervallum
1740 2597 1852 2643 illud,
1884 2598 1952 2636 ubi
1976 2606 2127 2635 cometa
2151 2599 2296 2637 tardior
2314 2608 2383 2646 est,

206 2656 393 2703 accurate,
424 2658 516 2707 quia
537 2670 625 2695 area
659 2659 695 2695 A
719 2658 746 2696 S
768 2657 804 2696 B
828 2658 871 2696 X
889 2675 920 2708 μ
942 2656 997 2703 A,
1027 2663 1184 2704 sumpta
1210 2663 1269 2694 est
1324 2651 1443 2703 paulo
1472 2653 1600 2704 majus
1618 2664 1700 2690 esse
1719 2651 1869 2700 alter03
1900 2651 2050 2690 cometa
2072 2652 2179 2689 enim
2197 2653 2386 2691 existente

207 2711 367 2761 aequalis
395 2723 494 2748 areae
527 2712 566 2749 A
589 2712 616 2749 S
638 2712 673 2749 Β
696 2712 733 2750 Y
759 2729 791 2761 μ.
812 2715 866 2758 A,

206 2763 313 2815 quod
326 2777 459 2801 verum
473 2771 529 2802 est
536 2764 870 2815 duntaxatquam-

207 2816 392 2866 proxime.
466 2817 542 2855 Sed
564 2818 871 2856 coincidentibus

206 2872 361 2919 punctis
376 2871 423 2917 B,
439 2888 481 2919 μ,
498 2883 596 2908 areae
610 2871 688 2908 illae
703 2872 869 2921 aequales

205 2923 307 2962 fiunt
338 2924 526 2971 accurate,
570 2937 689 2974 quare
719 2924 763 2961 in
794 2926 869 2963 hoc

205 2989 297 3015 casu
329 2981 367 3015 A
391 2978 428 3015 E
458 2986 515 3015 est
532 2977 582 3015 ad
613 2979 652 3015 A
676 2978 722 3024 C,
746 2978 789 3016 in
807 2990 868 3016 ra-

205 3030 311 3069 tione
329 3039 549 3079 temporum
568 3029 757 3070 accurate.

264 3088 349 3122 138.
388 3084 588 3129 Quoniam
615 3084 868 3123 coincidenti-

204 3138 278 3175 bus
295 3138 450 3186 punctis
472 3138 521 3182 B,
544 3154 586 3184 μ,
608 3137 751 3184 chorda
772 3139 810 3175 A
835 3139 868 3176 C

206 3191 392 3229 dividitur
411 3191 452 3228 in
474 3191 511 3228 E
540 3191 581 3227 in
600 3191 749 3229 ratione
770 3198 869 3229 tem-

204 3257 344 3294 porum
381 3242 569 3289 accurate,
607 3243 746 3282 iisdem
777 3242 869 3282 vero

204 3297 360 3346 punctis
410 3309 491 3335 non
524 3296 864 3349 ,coincidentibuffi

203 3351 287 3388 haec
302 3350 446 3389 chorda
459 3349 645 3388 dividitur
657 3350 706 3388 in
720 3351 870 3389 ratione

202 3411 424 3452 temporum
455 3403 751 3455 quamproxime
778 3412 866 3442 tan·

203 3456 301 3503 tum,
332 3456 412 3507 quo
441 3457 598 3506 propius
634 3457 706 3495 erit
742 3470 866 3506 punc-

202 3516 288 3548 tum
311 3511 359 3555 B,
379 3510 509 3548 vertici
531 3510 721 3559 parabolae
747 3528 788 3561 μ,
818 3509 867 3550 ed

203 3563 330 3614 magis
353 3562 531 3602 accurate
545 3563 740 3602 dividetur
756 3565 865 3602 chor-

203 3616 253 3654 da
286 3618 321 3653 A
346 3617 378 3655 C
402 3616 444 3654 in
462 3616 542 3655 duo
561 3625 761 3667 segmenta
778 3630 867 3668 quae

203 3677 424 3718 temporum
457 3670 648 3708 rationem
684 3671 863 3709 habeant.

207 3722 502 3762 Observandum
550 3730 608 3761 est
651 3722 835 3762 chordam
876 3726 914 3763 A
957 3727 990 3766 C
1027 3728 1153 3780 magis
1192 3742 1256 3767 ac-
1311 3730 1352 3767 in
1387 3748 1431 3778 μ,
1461 3731 1531 3770 ubi
1560 3731 1704 3771 chorda
1741 3734 1780 3771 A
1817 3732 1863 3779 C,
1897 3732 2084 3771 dividitur
2119 3738 2296 3771 accurate
2331 3732 2373 3770 in

202 3774 335 3814 curate»
365 3776 484 3813 dividi
515 3776 559 3814 in
588 3778 737 3815 radone
768 3784 1002 3826 temporum,
1042 3782 1074 3819 si
1112 3784 1146 3820 B
1180 3783 1257 3821 dis-
1311 3784 1462 3822 ratione
1480 3793 1734 3834 temporum3
1763 3785 1836 3824 erit
1851 3794 1955 3825 recta
1975 3785 2013 3823 E
2037 3787 2084 3832 C,
2113 3786 2236 3836 major
2252 3786 2370 3835 quam

202 3837 257 3866 tet
292 3841 317 3866 a
351 3828 490 3867 vertice
525 3846 557 3878 μ
587 3842 718 3868 versus
753 3831 786 3869 C
819 3831 938 3881 quam
974 3833 1004 3871 si
1038 3837 1086 3872 ab
1119 3835 1256 3873 eodem
1314 3837 1353 3873 A
1378 3837 1428 3879 E,
1449 3839 1524 3874 hoc
1545 3847 1611 3882 est,
1642 3846 1802 3886 tempus
1828 3851 1908 3888 quo
1927 3846 2077 3876 cometa
2103 3848 2199 3876 tunc
2226 3838 2372 3877 tardior

202 3882 342 3921 vertice
371 3897 415 3931 μ,
454 3894 585 3920 versus
623 3884 674 3930 A,
714 3884 854 3935 aequali
891 3885 1093 3926 intervallo
1125 3888 1251 3927 distet.
1313 3890 1426 3940 (Cor.
1453 3895 1490 3928 5.
1521 3890 1637 3940 Prop.
1665 3892 1765 3929 XL.
1786 3891 1875 3929 Lib.
1898 3890 2003 3942 huj.)
2033 3891 2212 3930 describit
2236 3904 2370 3930 arcum

2525 3381 2540 3764 amQffl-m*.gffi
2534 3368 2540 3374 ψ.
2532 3247 2540 3360 uanam-i*
2531 3154 2540 3238 ..fi-...a
2529 3092 2540 3144 „aaa
2530 3060 2540 3084 ,πί
2533 2936 2540 3045 .ι“.......,...
2536 2920 2540 2921 ,
2537 2893 2540 2905 ,Δ

2519 3840 2540 4296 κᾉὲῼκριιῡρῦιῖἐεγῶςςῶψωὲήι
2526 3811 2540 3829 ;,
2522 3765 2540 3803 μέ..
