2540 4296
245 300 312 350 70

243 432 342 470 veris
359 429 635 480 quadrantibus
665 427 811 474 circuli,
840 416 1006 476 ideoque
1031 424 1095 463 hic
1113 437 1135 463 c
1153 423 1280 474 desig-

243 497 336 522 nare
366 483 620 533 peripheriam
651 482 774 530 ipsam
804 479 977 529 nihilque
1007 477 1121 523 ultra,
1155 477 1210 515 ita
1237 484 1283 515 ut

247 539 358 600 Q
376 569 426 607 sit
442 567 646 606 retardatio
672 565 845 622 absoluta
864 564 994 603 Lunae
1020 571 1194 612 tempore
1220 574 1281 612 sy-

262 605 345 641 Va

244 656 396 695 nodico.

299 707 452 747 Verum
483 706 560 745 alia
577 705 714 743 certior
731 704 916 743 correctio
947 710 1006 741 est
1038 700 1281 746 adhibenda3

244 769 392 800 constat
410 773 456 798 ex
480 758 744 808 Propositione
765 757 935 795 XXVI.
970 756 1133 806 hujusce
1161 753 1283 799 Libri,

244 816 483 853 velocitatem
523 812 651 849 Lunae
687 811 821 862 augeri
855 823 923 859 per
958 809 1056 847 Solis
1091 807 1282 845 actionem

243 868 353 906 radio
371 867 502 904 orbitae
520 865 667 902 lunaris
684 863 1052 913 perpendicularem,
1082 860 1136 898 ita
1153 868 1198 897 ut
1216 872 1278 896 ve-

243 921 378 959 locitas
398 920 524 957 Lunae
542 916 844 967 inquadraturis
862 917 910 954 sit
928 915 977 954 ad
995 916 1079 966 ejus
1097 912 1277 950 velocita-

242 981 322 1011 tem
333 973 373 1010 in
385 972 556 1023 quolibet
565 978 710 1020 puncto
723 978 769 1008 ut
784 974 869 1009 109.
880 974 929 1009 73
940 982 959 1006 r
970 968 1019 1006 ad
1035 971 1177 1006 109.73
1190 977 1209 1002 r
1221 965 1275 1016 -Ι-

242 1040 325 1106 U,
344 1059 436 1096 hinc
453 1065 606 1106 tempus
623 1068 701 1108 quo
719 1055 945 1094 describitur
961 1066 1074 1091 arcus
1092 1050 1119 1089 d
1137 1063 1165 1088 u
1191 1052 1278 1088 bre-

243 1106 328 1183 vius
363 1144 409 1182 fit
443 1144 485 1181 in
521 1141 767 1193 proportione
807 1138 1066 1184 velocitatum,
1112 1133 1278 1185 ide6que

729 1189 1277 1296 “iux(1÷3vx)‚fit

771 1349 811 1390 χ
830 1345 870 1395 (1
890 1310 1280 1414 -1--2-57Y)sivefrac-

232 1230 325 1269 cum
352 1227 393 1266 id
419 1235 575 1276 tempus
593 1226 713 1264 fuerit

306 1318 453 1354 109.75
472 1326 491 1351 r
642 1311 753 1360 μᾱιι

238 1349 622 1479 109.731r-}--y--ry><
685 1391 706 1415 ‘³

1058 1518 1082 1554 y
1101 1517 1127 1553 Y

987 1572 1130 1608 109.73
1149 1580 1168 1604 r
1185 1579 1206 1604 r

571 1629 594 1661 2
616 1625 653 1662 Y
854 1655 863 1663 .
1179 1637 1207 1658 u
1221 1618 1279 1656 dc

365 1663 407 1706 Χ
433 1659 472 1709 (1
494 1657 546 1708 -Ι-
568 1679 641 1727 -V—
698 1672 709 1704 ;
731 1662 924 1708 quantitas
937 1662 1069 1693 autem
1083 1654 1165 1691 haec
1185 1674 1274 1723 —c—

1235 1537 1277 1579 Χ

233 1540 382 1578 tionem
411 1538 461 1577 ad
488 1538 601 1576 series
628 1538 847 1576 reducendo
869 1541 886 1575 1
908 1559 963 1568 —

232 1626 348 1677 pade

278 1706 300 1730 c

237 1783 279 1825 ><
306 1779 347 1830 (1
363 1777 416 1830 -Ι-
430 1741 542 1844 ἒξ)
558 1789 568 1822 ;
590 1774 686 1812 duas
704 1783 829 1824 partes
849 1773 1031 1818 continet,
1044 1771 1209 1821 priorem
1222 1770 1270 1807 in.

237 1865 520 1911 dependentem
548 1863 596 1899 ab
623 1861 772 1899 actione
794 1860 893 1898 Solis
920 1858 1135 1897 secundum
1154 1860 1276 1898 direc-

236 1916 383 1954 tionem
410 1915 510 1954 radii
530 1915 748 1960 exercitam,
783 1922 822 1952 et
852 1913 901 1951 de
928 1913 1200 1951 acceleratione
1227 1913 1277 1952 ad

231 2759 330 2796 hanc
359 2765 508 2807 partem
537 2759 754 2807 pertinente
783 2765 915 2797 actum
946 2764 1004 2795 est
1030 2757 1072 2794 in
1101 2756 1271 2795 XXVI.

235 2811 382 2862 Prop.;
412 2818 451 2848 et
480 2811 572 2849 hinc
588 2811 633 2849 fit
663 2819 708 2850 ut
739 2811 883 2849 mensis
900 2809 1108 2860 synodicus
1124 2808 1277 2847 medius

234 2866 283 2905 sit
310 2865 458 2904 brevior
476 2878 523 2903 eo
541 2865 608 2916 qui
626 2864 820 2904 debuisset
847 2877 928 2902 esse
959 2863 1001 2900 in
1029 2862 1276 2912 proportione

233 2918 387 2956 numeri
409 2922 537 2958 10973
569 2919 619 2957 ad
655 2923 795 2964 11023,
824 2924 863 2955 et
889 2916 1167 2966 inaequalitates
1184 2914 1277 2952 inde

233 2980 335 3009 natae
353 2972 395 3008 in
413 2972 526 3010 variis
545 2972 716 3022 partibus
733 2971 877 3009 mensis
895 2969 1068 3060 synodilci
1094 2968 1136 3006 in
1153 2968 1275 3006 varia-

956 3040 988 3073 μ
1075 3035 1104 3059 u
1200 3025 1224 3058 2
1239 3022 1277 3059 Y

1011 3100 1033 3126 c
1125 3059 1166 3100 ><
1200 3075 1267 3125 -κῖ

233 3143 376 3191 pendet
393 3146 441 3182 ab
459 3145 610 3182 actione
628 3143 726 3184 Solis
739 3140 954 3181 secundum
972 3140 1124 3179 radium
1143 3140 1277 3178 orbitae

233 3196 380 3234 lunaris
408 3198 627 3244 exercitam,
660 3205 700 3236 et
730 3197 779 3235 de
806 3196 877 3233 hac
909 3192 992 3232 sola¹
1023 3194 1096 3231 isto
1127 3193 1278 3233 calculo

234 3250 373 3300 agitur,
407 3249 571 3301 ideoque
589 3251 680 3289 cum
711 3263 760 3288 ex
791 3245 864 3286 ista
893 3248 1039 3286 oriatur
1069 3246 1276 3285 retardatio

233 3059 338 3096 tione
370 3058 643 3106 continentur;
681 3057 801 3096 altera
835 3068 923 3104 pars

237 3308 261 3339 2
278 3304 314 3340 Y
660 3321 690 3353 μ
708 3303 734 3341 d
753 3317 781 3341 u
934 3333 944 3342 .
1049 3333 1059 3341 .

239 3357 306 3407 ’V-
331 3335 358 3373 d
372 3349 412 3383 u,
433 3343 471 3374 et
488 3343 642 3386 tempus
663 3358 772 3407 ,ρο-
803 3334 870 3372 fiat
890 3346 1021 3373 minus
1047 3346 1089 3370 ln
1117 3345 1276 3383 propor-

236 3457 340 3495 tione
364 3461 378 3494 1
403 3456 452 3495 ad
478 3460 493 3494 1
516 3477 570 3485 --
589 3436 733 3527 1092}
753 3500 772 3523 r
789 3488 809 3509 2
845 3452 1050 3491 retardatio
1086 3465 1174 3503 quae
1210 3452 1278 3491 fiet

236 3542 331 3580 dum
342 3555 453 3581 arcus
471 3542 498 3580 d
512 3555 539 3578 u
554 3540 716 3579 describi
730 3539 933 3586 debuisset,
950 3538 1021 3577 erit
1034 3536 1279 3576 solummodo

238 3601 261 3632 2
280 3596 353 3633 Yd
372 3609 399 3655 Β
417 3651 472 3658 -
502 3593 784 3659 Q
836 3625 924 3664 loco
958 3626 996 3663 Y
1056 3630 1195 3662 onatur
1229 3590 1279 3652 Ξ

312 3662 348 3698 v
504 3664 647 3699 109.73
666 3672 686 3696 r
704 3662 724 3683 2
750 3652 798 3697 V'
1028 3637 1055 3674 P
1243 3668 1266 3694 a

222 3754 263 3794 ><
292 3722 334 3799 (3
352 3729 373 3819 ἰ
394 3730 415 3763 y
437 3769 490 3778 -
511 3747 548 3797 r)
579 3747 715 3785 evadet
743 3747 817 3784 hoc
850 3745 1089 3784 elementum
1122 3742 1148 3780 d
1176 3754 1206 3779 u
1237 3746 1280 3789 χ

223 3840 246 3871 2
272 3834 303 3870 F
419 3838 488 3896 {y
506 3847 530 3882 y
792 3838 818 3871 5
837 3846 862 3881 y
881 3836 904 3858 ⁴
1138 3841 1164 3878 y
1183 3842 1208 3878 y

225 3888 304 3938 V}
333 3871 416 3920 Χ(
460 3888 516 3936 ῖ-
551 3878 712 3903 -ῑ-
743 3886 963 3936 ῑᾶῑῑεῆ*
995 3862 1049 3915 ÷
1081 3867 1285 3934 samar>

709 283 1274 343 PHILOSOPHIAE
1315 283 1766 337 NATURALIS
1840 286 1957 348 [DE
1986 286 2186 337 MUNn.
2218 289 2367 339 SYST.

1334 423 1447 474 cujus
1472 422 1669 474 integralis
1695 436 1764 471 pro
1790 422 2001 473 quadrante
2013 424 2126 474 juxta
2146 425 2311 463 Lemma
2330 426 2366 463 Ι.

1410 480 1435 512 2
1454 476 1486 513 F
1600 481 1655 513 3r
1674 476 1693 497 2
1710 488 1730 512 c
1820 508 1836 530 Ι
2062 483 2085 514 3
2105 482 2145 523 ><
2163 484 2186 515 3
2205 491 2223 514 r
2242 482 2262 507 ⁴
2284 492 2305 515 c

1335 498 1594 579 ‘mv—ax(
1629 547 1652 579 8
1673 554 1692 578 r
1743 530 1841 561 -ῖ
1922 530 2370 589 -4χ8χιο9.73τ3

1476 606 1495 629 r
1513 596 1531 617 ²
1552 607 1572 631 c
1719 626 1728 634 .
1801 600 1825 632 2
1849 596 1881 633 F
1898 607 1918 630 r
1935 607 1956 631 c
2049 626 2075 648 1.
2218 601 2242 635 5

1336 625 1390 676 'l'
1404 661 1428 694 8
1446 663 1488 703 χ
1511 609 1684 697 109.73)
1700 640 1776 664 swe
1832 662 1868 698 V
1888 673 1912 698 a
1978 632 2020 674 χ
2044 648 2071 678 ἶ
2086 648 2137 657 “
2153 665 2368 698 4.8.109.73

1588 742 1596 750 ⁰
1894 742 1910 756 Α
2083 744 2093 753 ι
2261 712 2293 749 F
2311 726 2330 748 Υ
2347 726 2369 750 c

1337 752 1376 781 et
1393 742 1727 795 quadruplicatum
1745 757 1815 794 pro
1833 752 1919 811 tota·
1931 744 2169 783 revolutione
2186 744 2231 782 fit
2278 778 2314 815 V
2333 791 2356 815 a

1403 833 1554 868 433.92

1404 889 1565 934 438.92'

1393 951 1511 989 Corol·
1558 946 1720 986 Constat
1737 961 1782 986 ex
1806 950 1894 988 Cor.
1913 955 1948 988 2.
1976 950 2091 999 Prop.
2118 949 2194 987 1V.
2221 949 2306 987 Lib.
2330 950 2363 987 Ι.

1340 1001 1511 1049 Princip.
1590 1001 1708 1045 Quod
1743 1001 1842 1040 vires
1877 1003 2062 1041 centrales
2089 1010 2179 1040 sunt
2206 1002 2303 1039 inter
2329 1016 2369 1039 se

1336 1054 1479 1092 directe
1511 1061 1557 1091 ut
1592 1053 1699 1100 radii,
1732 1061 1771 1091 et
1802 1054 1950 1093 inverse
1980 1063 2025 1094 ut
2054 1063 2274 1104 temporum
2303 1069 2369 1104 pe-

1336 1107 1571 1145 riodicorum
1614 1105 1822 1156 quadrata:
1867 1108 1969 1155 hinc,
2010 1108 2042 1146 si
2082 1109 2130 1147 sit
2169 1110 2206 1145 A
2244 1121 2370 1145 annus

1335 1160 1516 1205 sidereus,
1571 1166 1609 1197 et
1655 1158 1704 1197 M
1747 1160 1889 1199 mensis
1935 1161 2149 1210 periodicus
2202 1161 2372 1198 sidereus

1336 1213 1501 1262 seposita
1531 1212 1638 1250 omni
1673 1212 1772 1250 Solis
1802 1215 1964 1260 actione,
2002 1215 2074 1252 erit
2108 1216 2142 1253 F
2172 1214 2221 1251 ad
2258 1215 2294 1251 V
2326 1221 2371 1251 ut

1379 1280 1404 1303 a
1590 1278 1610 1301 r
1708 1298 1717 1306 .
1789 1266 1823 1304 F
1935 1280 1958 1304 a
1979 1267 2028 1304 M
2050 1267 2096 1304 M
2224 1299 2232 1308 ‚
2340 1300 2350 1308 ,

1339 1321 1439 1370 Π
1461 1299 1510 1337 ad
1538 1331 1585 1368 M
1609 1325 1669 1368 M,
1689 1311 1767 1336 sive
1786 1322 1835 1369 V
1859 1317 1915 1337 =
1934 1322 2094 1369 ——r
1989 1334 2024 1370 A
2050 1334 2086 1370 A
2116 1301 2321 1339 substituto
2339 1313 2370 1337 1-

1335 1424 1450 1469 taque
1464 1418 1538 1455 hoc
1551 1415 1680 1454 valore
1697 1417 1782 1455 loco
1798 1385 1848 1489 ξ
1885 1417 1927 1454 in
1955 1418 2168 1468 quantitate
2206 1385 2304 1489 ξ-ῑ-Υξ
2325 1423 2367 1466 ><

1336 1508 1484 1542 455.92
1773 1535 1784 1544 ,

1336 1574 1484 1609 45882
1502 1548 1589 1585 quae
1606 1535 1901 1575 retardationem
1918 1535 2082 1575 durante
2107 1548 2239 1575 mense
2257 1548 2370 1586 syno-

1336 1654 1422 1693 dico
1440 1652 1632 1703 exprimit,
1653 1666 1698 1691 ea
1715 1653 1920 1692 retardatio
1934 1653 1978 1692 fit
1990 1622 2077 1725 ἕξ
2098 1659 2140 1701 ><
2171 1627 2321 1726 2ῖίἓὲ
2335 1669 2369 1702 c,

1336 1746 1375 1778 et
1391 1740 1424 1777 si
1443 1752 1523 1777 non
1537 1739 1755 1778 attendatur
1773 1739 1822 1777 ad
1840 1740 2114 1778 correctionem
2129 1753 2216 1789 quae
2230 1740 2371 1789 pendet

1335 1805 1382 1831 ex
1411 1794 1561 1831 actione
1601 1792 1700 1830 Solis
1733 1793 2059 1842 perpendicularis
2094 1793 2201 1831 radio
2238 1793 2371 1832 orbitae

1334 1880 1491 1926 lunaris,
1512 1892 1557 1917 ea
1574 1877 1777 1917 retardatio
1795 1878 1893 1917 foret
1920 1846 2010 1953 {ig-Z
2027 1892 2060 1918 c.

1719 2043 1894 2084 PROB.
1927 2044 1990 2082 ΙΙ.

1391 2151 1497 2190 Dato
1514 2158 1686 2200 tempore
1712 2149 1894 2200 synodico
1920 2149 2116 2199 apparenti
2145 2149 2284 2195 Lunae,
2312 2149 2372 2186 in-

1336 2204 1464 2243 venire
1481 2211 1634 2252 tempus
1651 2203 1890 2253 periodicum
1907 2202 2012 2253 quod
2034 2203 2222 2241 observari
2250 2204 2371 2241 debu-

1335 2258 1436 2302 isset,
1456 2257 1488 2294 si
1506 2259 1654 2295 abesset
1671 2257 1770 2294 actio
1793 2256 1891 2294 Solis
1909 2256 1950 2292 in
1970 2255 2128 2293 Lunam
2155 2256 2370 2294 secundum

1335 2309 1487 2349 radium
1506 2309 1638 2347 orbitae
1655 2309 1801 2348 lunaris
1819 2308 2034 2346 exercitam.

1391 2363 1450 2401 Sit
1481 2363 1508 2401 S
1538 2363 1680 2401 mensis
1712 2361 1917 2412 synodicus
1945 2373 2142 2410 apparens,
2175 2362 2215 2399 A
2246 2375 2373 2401 annus

1336 2416 1517 2461 sidereus,
1538 2415 1630 2453 inde
1650 2418 1715 2468 (ex
1734 2412 1826 2453 nota
1840 2414 2083 2463 proportione
2096 2415 2239 2452 mensis
2256 2428 2370 2464 syno-

1336 2469 1411 2507 dici
1429 2469 1479 2507 ad
1497 2468 1754 2518 periodicum)
1773 2467 1990 2506 invenietur
2015 2480 2186 2505 mensem
2204 2468 2370 2517 periodi-

1973 2581 1984 2599 2

1335 2649 1507 2690 tempore
1524 2639 1720 2690 periodico
1739 2588 1856 2678 Lug
1870 2587 2101 2678 descsriberet
2117 2640 2370 2689 peripheriam

1334 2706 1368 2741 c,
1389 2694 1604 2732 deducetur
1621 2693 1727 2743 quod
1745 2701 1919 2742 tempore
1937 2692 2120 2743 synodico
2141 2695 2168 2732 S
2186 2694 2371 2732 describet

1332 2791 1464 2817 areum
1496 2747 1610 2849 §.X-
1635 2747 1662 2783 S
1680 2790 1714 2817 C·

1387 2863 1462 2901 Sed
1482 2845 1607 2903 Luna*
1618 2865 1712 2903 citra
1734 2863 1832 2903 Solis
1850 2863 2039 2901 actionem
2057 2871 2228 2914 tempore
2246 2865 2369 2914 perio.

1330 2916 1418 2955 dico
1452 2917 1501 2954 M
1532 2917 1745 2956 describere
1763 2916 1955 2955 debuisset
1972 2918 2224 2967 peripheriam
2258 2931 2290 2964 c,
2318 2928 2368 2966 et,

1336 2567 1426 2594 cum
1444 2562 1691 2604 apparentem
1710 2567 1790 2592 esse
2014 2560 2053 2591 et
2085 2554 2269 2604 quoniam
2297 2555 2371 2593 hoc

1317 2968 1465 3008 *eadem
1484 2969 1525 3007 in
1544 2970 1755 3021 hypothesi,
1777 2978 1948 3019 tempore
1971 2970 1997 3007 S
2016 2970 2271 3020 descripsisset
2287 2985 2369 3010 are-

1329 3068 1393 3094 am
1413 3023 1483 3127 '81qu
1519 3056 1610 3095 hinc
1649 3070 1743 3109 ergo
1785 3055 1990 3094 retardatio
2034 3056 2209 3095 absoluta
2251 3070 2368 3108 quam

1328 3175 1474 3225 patitur
1508 3184 1681 3228 tempore
1720 3177 1747 3215 S
1782 3182 1840 3214 est
1878 3142 2032 3245 §ffe—
2062 3142 2101 3179 A
2129 3143 2183 3247 2—
2213 3144 2240 3181 8
2267 3190 2288 3215 c
2309 3193 2365 3213 =

1333 3262 1812 3301 As-AM—Ms

1517 3328 1626 3366 AM

1328 3380 1580 3429 praecedentis
1601 3378 1855 3417 Problematis
1889 3390 1935 3415 ea
1970 3379 2176 3419 retardatio
2211 3382 2366 3420 inventa

1475 3434 1523 3471 M
1543 3436 1562 3456 2
1659 3436 1807 3471 453.92

1328 3466 1453 3504 fuerat
1484 3489 1560 3495 ”““
1586 3470 1627 3511 Χ
1659 3499 1807 3534 43892

1832 3305 1865 3331 c.
1933 3292 2009 3331 Sed
2026 3304 2094 3341 per
2110 3295 2367 3334 Corollarium

1834 3476 1855 3501 c
1882 3462 1971 3500 hinc
1990 3465 2183 3504 obtinetur
2209 3469 2291 3505 haec
2315 3480 2363 3504 ae-

1474 3502 1513 3537 A
1545 3502 1564 3523 2

1329 3585 1461 3635 quatio
1491 3586 1528 3622 A
1552 3585 1579 3622 S
1595 3604 1649 3613 —
1671 3581 1708 3618 A
1730 3581 1779 3619 M
1805 3604 1859 3611 -—
1888 3582 1936 3620 M
1958 3581 1986 3621 S
2010 3600 2067 3620 =
2097 3551 2365 3656 432393523’

1330 3670 1415 3708 loco
1436 3671 1484 3708 M
1503 3670 1686 3708 scribatur
1707 3667 1748 3705 X
1775 3667 1824 3712 A,
1845 3667 1930 3706 loco
1952 3670 1978 3707 S
1996 3670 2178 3707 scribatur
2198 3670 2235 3707 Ε
2256 3670 2307 3714 A,
2328 3677 2368 3708 et

1330 3721 1669 3774 fiethaecaequatio
1688 3721 1760 3759 A²
1778 3721 2181 3760 E—A2x-A2
2199 3723 2363 3760 EX=

1329 3777 1617 3878 ‘'irzsr
1724 3805 1967 3861 E=X÷E
1986 3779 2310 3881 X÷333133x
2333 3811 2365 3853 ³·

1330 3892 1398 3930 sed
1416 3892 1559 3930 mensis
1577 3892 1782 3942 synodicus
1807 3892 1958 3932 medius
1984 3901 2041 3932 est
2066 3897 2293 3935 .08084896
2325 3895 2364 3933 A
