2540 4296
7 1422 13 1425 ’
93 1419 491 1490 aequinoctialia,
545 1419 788 1472 evaderet
836 1421 1008 1473 minor

107 282 295 336 Lman
320 284 620 350 TERTIUS.]
662 283 1065 343 PRINCIPIA
1107 286 1729 342 MATHEMATICA.
2158 299 2259 345 123

103 437 264 482 untur
303 427 379 497 (id
415 436 493 480 est
525 428 657 480 vires
699 437 728 481 3
759 429 785 483 Ι
813 428 865 480 Τ
900 429 954 479 in
992 428 1080 499 fig.
1108 446 1160 496 p.
1188 434 1275 480 22.
1303 439 1354 480 et
1380 430 1489 497 24.)
1530 440 1650 484 sunt
1673 431 1729 482 in
1755 429 1971 501 singulis
1995 432 2262 500 particulis

100 528 161 569 ut
186 518 440 571 distantiae
464 521 836 589 particularum
861 539 892 571 a
914 520 1074 588 plano
1104 521 1157 583 Q
1186 522 1252 583 R,
1292 531 1344 573 et
1376 520 1457 573 his
1483 522 1678 578 viribus
1714 522 1983 591 particulae
2020 522 2124 575 illae
2147 525 2262 593 pla-

24 648 33 655 .
100 626 225 660 num
241 609 446 680 fugiunt
459 631 473 673 3
502 622 551 663 et
574 621 850 680 propterea
877 615 992 680 (per
1019 612 1168 664 Lem.
1192 613 1289 679 ΙΙ.)
1313 613 1357 664 si
1381 615 1598 667 materia
1617 614 1796 667 annuli
1820 632 1915 685 per
1936 625 2095 668 totam
2112 617 2258 689 globi

100 704 431 772 superficiem
480 704 534 755 in
577 720 776 755 morem
825 704 1011 774 figurae

67 802 69 805 ⁴
101 794 148 846 P
168 815 198 846 a
216 814 252 863 p
274 797 324 847 A
348 797 392 847 P
412 815 441 848 e
463 814 500 864 p
523 795 570 847 E
596 796 664 848 ad
689 797 1010 865 superiorem

97 882 238 934 illam
262 884 445 935 Terrae
468 892 669 952 partem
695 884 1013 936 constituen-

98 970 219 1023 dam
240 981 586 1042 spargeretur,
615 973 691 1025 vis
712 982 763 1024 et
783 973 1010 1025 efficacia

96 1071 205 1113 tota
246 1061 619 1130 particularum
663 1064 895 1115 omnium
941 1063 1009 1116 ad

96 1151 318 1203 Terram
370 1152 506 1204 circa
549 1153 782 1223 quamvis
835 1173 1008 1224 aequa-

94 1240 221 1291 toris
256 1240 567 1293 diametrum
601 1242 892 1306 rotandam,
932 1251 1009 1294 at-

95 1349 196 1400 que
240 1330 359 1383 ideo
399 1331 467 1383 ad
508 1331 765 1383 movenda
814 1341 1010 1401 puncta

91 1507 245 1580 quam
281 1509 426 1578 prius
463 1509 518 1559 in
556 1509 758 1561 ratione
786 1516 817 1561 2
856 1510 923 1561 ad
955 1518 1004 1563 5.

91 1598 324 1668 Ideoque
350 1616 553 1649 annuus
573 1599 1006 1670 aequinoctiorum

88 1709 354 1761 regressus
372 1692 484 1760 jam
508 1700 643 1742 esset
661 1690 729 1741 ad
754 1697 879 1743 2032
905 1693 1002 1743 11'.

89 1782 205 1832 46²2
235 1789 292 1832 ut
330 1787 395 1832 10
423 1779 491 1831 ad
530 1785 743 1835 73092:
783 1798 845 1831 ac
879 1796 1003 1849 pro-

88 1869 209 1922 inde
237 1869 385 1922 fieret
411 1871 492 1922 9''.
522 1871 655 1922 56'''.
684 1868 803 1922 50¹&
1017 1861 1022 1866 ’

161 1961 428 2012 Caeterum
471 1961 557 2013 hic
600 1973 772 2014 motus
826 1963 890 2032 (¹¹)
936 1947 1016 2014 ob*

86 2050 473 2102 inclinationem
499 2052 777 2122 aequatoris
802 2052 872 2104 ad
897 2050 1116 2122 planum
1142 2053 1399 2127 eclipticae
1425 2053 1754 2117 minuendus,
1796 2053 1953 2124 idque
1980 2053 2033 2104 in
2060 2053 2260 2104 ratione

87 2141 226 2193 sinus
253 2149 428 2199 91706
453 2145 564 2215 (qui
590 2144 731 2196 sinus
760 2155 838 2197 est
864 2145 1231 2214 complementi
1256 2146 1515 2217 graduum
1537 2143 1681 2212 235.)
1710 2145 1776 2196 ad
1803 2145 2006 2196 radium
2029 2152 2257 2197 100000.

89 2235 209 2298 Qua
248 2238 449 2290 ratione
474 2248 646 2291 motus
681 2240 778 2291 iste
809 2241 920 2309 jam
945 2239 1036 2291 fiet
1062 2240 1144 2292 9''.
1174 2240 1271 2294 7'‘'.
1300 2236 1420 2290 2οἱν.
1500 2237 1640 2290 Haec
1665 2221 1745 2290 est
1770 2256 1943 2289 annua
1980 2236 2259 2306 praecessio

85 2326 514 2395 aequinoctiorum
541 2346 572 2378 a
596 2327 647 2379 vi
676 2328 812 2381 Solis
840 2327 1077 2379 oriunda.

158 2414 253 2465 Vis
280 2425 453 2467 autem
483 2417 652 2467 Lunae
678 2417 744 2468 ad
771 2436 915 2468 mare
939 2416 1256 2468 movendum
1283 2425 1394 2468 erat
1420 2415 1487 2467 ad
1513 2416 1617 2467 vim
1647 2415 1799 2478 Solis,
1830 2425 1889 2467 ut
1914 2421 2109 2466 4.4815
2133 2413 2198 2464 ad
2224 2420 2247 2465 1

86 2502 306 2555 circiter.
385 2504 447 2573 (⁰)
477 2504 549 2556 Et
575 2505 649 2556 vis
678 2506 847 2557 Lunae
874 2506 942 2557 ad
967 2506 1278 2576 aequinoctia
1303 2506 1563 2557 movenda
1589 2515 1668 2557 est
1693 2505 1760 2556 ad
1786 2505 1887 2556 vim
1932 2504 2066 2557 Solis
2093 2504 2147 2553 in
2171 2502 2260 2554 ea-

87 2591 207 2644 dem
244 2593 600 2661 proportione.
679 2594 915 2665 Indeque
951 2594 1129 2664 prodit
1166 2613 1338 2646 annua
1375 2594 1808 2664 aequinoctiorum
1846 2593 2123 2661 praecessio
2152 2612 2183 2642 a
2206 2591 2258 2643 vi

87 2679 255 2732 Lunae
283 2681 503 2733 oriunda
529 2684 648 2734 40⁰.
673 2685 808 2735 52m.
833 2682 950 2736 521&
972 2702 1030 2735 ac
1056 2693 1166 2735 tota
1189 2684 1468 2753 praecessio
1494 2702 1668 2735 annua
1695 2675 1729 2734 εἷ
1750 2684 1802 2734 vi
1828 2682 2050 2752 utraque
2078 2682 2257 2733 oriun-

83 2771 151 2823 da
176 2773 292 2824 50‘'.
321 2774 456 2825 OO'''.
488 2772 605 2825 12¹⁹.
1956 2774 2094 2826 Nam
2119 2793 2256 2843 prae-

84 2865 246 2915 cessio
273 2865 703 2935 aequinoctiorum
729 2886 794 2918 ex
821 2866 1267 2919 observationibus
1297 2866 1655 2919 astronomicis
1683 2876 1761 2918 est
1787 2866 2056 2918 annuatim
2082 2865 2255 2917 minu-

682 2774 754 2826 Et
778 2774 864 2826 hic
890 2785 1062 2828 motus
1091 2795 1206 2827 cum
1233 2775 1593 2844 phaenomenis
1619 2776 1877 2847 congruit.

84 2965 259 3008 torum
287 2957 637 3009 secundorum
661 2958 781 3027 plus
806 2959 979 3011 minus
1006 2959 1395 3029 quinquaginta.

157 3045 220 3113 (P)
254 3044 309 3096 Si
347 3044 566 3096 altitudo
605 3046 789 3098 Terrae
816 3047 883 3098 ad
909 3057 1225 3116 aequatorem
1252 3055 1461 3115 superet
1488 3045 1814 3097 altitudinem
1842 3046 1950 3114 ejus
1982 3045 2047 3096 ad
2082 3045 2248 3114 polos,

82 3134 387 3187 milliaribus
413 3136 652 3205 pluribus
672 3136 828 3208 quam
858 3141 975 3206 17ὲ,
1005 3139 1221 3190 materia
1247 3139 1356 3207 ejus
1383 3137 1549 3189 rarior
1568 3138 1666 3190 erit
1690 3137 1756 3188 a‘d
1781 3136 2252 3188 circumferentiam

83 3225 238 3297 quam
285 3228 352 3278 ad
396 3239 660 3284 centrum:
721 3239 772 3281 et
819 3230 1096 3298 praecessio
1140 3229 1575 3299 aequinoctiorum
1617 3228 1685 3281 ob
1726 3227 2056 3280 altitudinem
2106 3227 2249 3279 illam

82 3315 276 3387 augeri,
306 3316 374 3367 ob
401 3317 665 3370 raritatem
691 3317 910 3370 diminui
936 3318 1105 3370 debet.

1193 3465 1370 3497 accurate
1401 3458 1593 3496 minuitur
1621 3464 1753 3499 motus
1784 3457 1850 3497 ille
1882 3457 1925 3495 in
1953 3457 2102 3496 ratione
2138 3458 2248 3497 sinfis

137 3455 196 3508 (¹¹)
228 3459 249 3480 '¹‘
283 3458 334 3495 ob
353 3458 653 3498 inclinationem.
716 3459 796 3498 Pro
814 3459 952 3510 majori
971 3459 1032 3496 vel
1050 3458 1125 3496 mi-

1196 3516 1338 3551 91706.
1362 3512 1557 3562 quisinus
1576 3520 1633 3551 est
1650 3511 1927 3560 complementi
1951 3513 2147 3563 graduum
2166 3512 2248 3565 23}

80 3510 167 3547 nori
180 3509 426 3567 inclivtione
438 3510 543 3558 plani
556 3513 759 3562 aequatoris
771 3512 819 3550 ad
832 3513 993 3561 planum
1008 3512 1125 3561 eclip-

80 3563 168 3600 ticae
186 3563 375 3600 minorem
395 3576 477 3601 esse
492 3564 553 3600 vel
571 3565 758 3615 majorem
772 3579 990 3617 regressum
1005 3566 1125 3615 aequi-

80 3615 299 3653 noctiorum
319 3623 423 3668 patet
442 3629 487 3654 ex
509 3625 588 3655 not.
617 3622 703 3656 101.
729 3618 819 3656 Lib.
842 3620 972 3670 hujus-
1018 3618 1128 3656 Illud

0 3675 9 3685 ¹
81 3676 212 3707 autem
233 3669 523 3707 decrementum
543 3670 751 3717 obtinetur,
772 3672 804 3708 si
822 3672 1023 3710 minuatur
1041 3684 1127 3709 mo-

81 3729 145 3759 tus
164 3723 204 3759 in
223 3722 370 3760 ratione
390 3722 497 3760 sinus
512 3724 787 3772 complementi
801 3724 1065 3762 inclinationis
1078 3723 1129 3762 ad

80 3775 245 3815 radium.
308 3775 384 3813 Sed
417 3777 577 3825 planum
611 3777 816 3827 aequatoris
844 3778 1051 3815 inclinatur
1078 3776 1129 3816 ad

82 3827 244 3876 planum
273 3828 459 3878 eclipticae
488 3830 671 3879 gradibus
703 3830 783 3881 25}
817 3830 979 3877 circiter,
1008 3828 1128 3882 quare

83 3879 174 3919 cum
201 3889 330 3920 motus
348 3883 669 3933 aequinoctiorum
689 3882 733 3921 fit
752 3883 1008 3932 tardissimus,
1037 3883 1129 3923 satis

137 3953 237 3991 Vei..
265 3954 351 3993 111.
378 3956 486 3993 PAns
508 3956 570 3993 11.

1195 3565 1244 3604 ad
1265 3565 1420 3603 radium
1444 3569 1612 3603 100000.

1251 3619 1308 3667 (⁰)
1331 3621 1352 3643 ¹*
1376 3621 1432 3657 Et
1450 3621 1504 3657 vis
1524 3620 1665 3657 Lunoe.
1728 3618 1840 3669 (Cor.
1866 3622 1925 3656 18.
1952 3623 2012 3658 19.
2040 3619 2132 3657 Lib.
2158 3618 2218 3670 Ι.)

1252 3672 1309 3723 (¹³)
1329 3675 1349 3697 ’¹⁵
1365 3674 1406 3710 Si
1424 3674 1586 3710 altitudo
1612 3674 1756 3710 Terrae.
1811 3670 1906 3716 Quo
1921 3672 2027 3710 enim
2046 3672 2160 3711 altior
2173 3673 2245 3711 erit

1197 3724 1357 3763 materia
1383 3725 1432 3763 ad
1460 3732 1707 3775 aequatorem‚
1737 3722 1786 3763 eo
1814 3724 1933 3762 levior
1957 3725 2005 3763 sit
2023 3734 2174 3776 oportet
2199 3734 2246 3765 ut

1198 3777 1397 3815 materiam
1417 3791 1505 3829 quae
1524 3785 1581 3815 est
1592 3790 1723 3816 versus
1741 3777 1849 3826 polos
1867 3778 1908 3815 in
1923 3778 2138 3829 aequilibrio
2156 3792 2244 3829 pos-

1198 3831 1249 3870 sit
1272 3832 1469 3869 sustinere.
1530 3831 1726 3870 Caeterum
1746 3831 1837 3881 quia
1856 3832 1895 3868 in
1916 3833 2036 3870 tribus
2055 3846 2133 3870 non
2153 3834 2246 3871 satis

1198 3884 1402 3932 laudandis
1432 3883 1778 3926 Dissertationibus
1807 3885 1896 3924 Vol.
1924 3885 2013 3924 111.
2037 3887 2243 3938 adjunctis,
