2540 4296
290 251 391 299 182
805 239 1376 295 PHILosoPfflAE
1416 200 1897 296 NATURALIS⁹
1935 243 2055 310 [DE
2074 244 2277 298 Mum).
2299 248 2452 300 SYST.

289 388 523 443 notando
559 388 733 440 locum
771 384 861 437 ubi
897 394 1041 438 recta
1077 384 1167 437 illa
1192 384 1539 455 trajectoriam
1566 395 1720 439 secat.
1798 386 1935 438 Nam
1963 406 2126 458 vapor
2150 389 2205 440 in
2230 389 2453 442 termino

289 481 488 544 caudae,
530 480 574 532 si
610 484 753 530 recta
788 477 1037 530 ascendat
1072 496 1104 528 a
1124 477 1281 540 Sole,
1322 478 1602 531 ascendere
1628 479 1784 548 coepit
1809 498 1839 531 a
1866 479 2048 549 capite,
2088 500 2193 552 quo
2218 492 2452 552 tempore

291 580 449 639 caput
466 579 584 622 erat
608 569 663 619 in
689 567 806 620 loco
832 569 1225 622 intersectionis.
1291 570 1365 621 At
1389 587 1553 638 vapor
1576 589 1682 622 non
1707 569 1849 623 recta
1874 572 2107 624 ascendit
2131 591 2162 624 a
2191 574 2328 638 Sole,
2358 575 2448 626 sed

285 672 491 713 motum
528 661 762 722 comet'ae,
805 677 961 729 quem
998 668 1119 711 ante
1157 676 1427 711 ascensum
1455 677 1605 711 suum
1632 659 1872 723 habebat,
1913 660 2202 724 retinendO,
2243 672 2295 714 et
2330 682 2448 715 cum

288 761 436 804 motu
463 750 708 803 ascensus
745 750 825 802 sui
863 750 1086 803 eundem
1111 750 1491 820 componendO,
1532 751 1762 803 ascendit
1795 751 2018 823 oblique.
2096 753 2255 806 Unde
2279 756 2449 807 verior

286 842 385 894 erit
415 841 761 894 Problematis
783 841 988 914 solutiO,
1016 853 1074 895 ut
1099 853 1240 902 recta
1263 841 1369 906 illa,
1397 861 1515 913 quae
1540 842 1718 894 orbem
1747 854 1897 908 secat,
1925 844 2172 913 parallela
2191 846 2255 898 sit
2278 846 2446 919 longi-

289 933 459 984 tudini
504 933 702 996 caudae,
750 932 832 984 vel
855 932 1030 1002 potius
1077 933 1168 1003 (ob
1207 943 1409 986 motum
1448 933 1786 986 curvilineum
1824 927 2060 1002 cometae)
2108 948 2165 989 ut
2201 937 2381 990 eadem
2417 959 2447 991 a

283 1024 421 1075 linea
448 1024 630 1075 caudae
656 1023 906 1094 divergat.
987 1023 1112 1075 Hoc
1137 1032 1293 1092 pacto
1318 1023 1491 1075 inveni
1518 1023 1661 1094 quod
1685 1042 1865 1092 vapor,
1895 1025 1983 1094 qui
2009 1036 2118 1078 erat
2142 1026 2196 1078 in
2222 1028 2450 1079 termino

285 1112 467 1164 caudae
492 1113 610 1165 Jan.
639 1118 724 1165 25.
754 1111 1033 1164 ascendere
1061 1121 1289 1181 coeperat
1313 1131 1344 1163 a
1369 1112 1537 1181 capite
1563 1122 1682 1164 ante
1708 1112 1840 1164 Dee.
1874 1119 1956 1164 11.
1982 1112 2203 1184 ideoque
2227 1134 2445 1168 ascensu

282 1224 379 1256 suo
404 1215 531 1268 toto,
561 1205 672 1256 dies
698 1204 815 1273 plus
842 1211 910 1256 45
940 1214 1348 1273 consumpserat.
1426 1204 1502 1256 At
1527 1188 1694 1256 cauda
1731 1203 1818 1255 illa
1843 1205 2011 1257 omnis
2038 1223 2156 1276 quae
2194 1207 2327 1259 Dec·
2360 1215 2440 1260 10.

281 1295 541 1364 apparuit,
580 1294 887 1346 ascenderat
923 1291 1091 1362 spatio
1129 1292 1329 1345 dierum
1369 1292 1579 1345 illorum
1604 1292 1844 1358 duorum,
1876 1294 1965 1364 qui
1990 1312 2022 1346 a
2046 1304 2281 1364 tempore
2304 1298 2444 1364 peri-

278 1384 404 1436 helii
431 1393 649 1437 cometae
676 1383 838 1452 elapsi
863 1381 1085 1434 fuerant.
1150 1383 1332 1452 Vapor
1356 1382 1516 1455 igitur
1539 1383 1636 1436 sub
1661 1382 1809 1435 initio
1833 1383 1888 1435 in
1912 1383 2100 1436 vicinia
2120 1384 2255 1437 Solis
2280 1386 2434 1437 celer-

279 1475 411 1527 rime
438 1474 769 1538 ascendebat,
811 1484 863 1526 et
897 1484 1080 1544 postea
1106 1492 1226 1527 cum
1252 1484 1399 1526 motu
1431 1493 1526 1544 per
1549 1475 1856 1547 gravitatem
1881 1495 2028 1528 suam
2052 1465 2255 1546 semper
2279 1489 2441 1529 retar-

279 1568 404 1619 dato
441 1566 723 1619 ascendere
758 1564 1043 1637 pergebat3
1092 1575 1142 1618 et
1179 1565 1512 1617 ascendendo
1549 1566 1773 1637 augebat
1808 1565 2187 1638 longitudinem
2225 1568 2437 1619 caudae:

277 1658 444 1710 cauda
481 1667 674 1720 autem,
715 1654 964 1726 quamdiu
1004 1657 1260 1726 apparuit,
1284 1675 1368 1708 *ex
1402 1675 1597 1726 vapore
1632 1656 1740 1709 fere
1778 1659 1938 1710 omni.
1958 1659 2244 1723 constabat,
2283 1660 2372 1730 qui
2410 1680 2441 1711 a

277 1758 516 1817 tempore
539 1746 780 1816 perihelii
806 1745 1141 1809 ascenderat3
1182 1756 1234 1799 et
1259 1764 1439 1815 vapor,
1469 1745 1558 1816 qui
1582 1746 1782 1816 primus
1807 1747 2056 1812 ascendit,
2084 1759 2137 1800 et
2160 1750 2439 1800 terminum

278 1840 460 1893 caudae
498 1839 809 1909 composuit,
849 1857 958 1891 non
993 1837 1138 1908 prius
1177 1838 1385 1890 evanuit
1423 1836 1580 1909 quam
1606 1838 1675 1890 ob
1700 1837 1914 1891 nimiam
1951 1857 2099 1892 suam
2124 1849 2229 1893 tam
2257 1859 2286 1891 a
2315 1840 2436 1893 Sole

278 1977 447 2036 ideoque
465 1982 669 2022 habebitur
687 1981 864 2031 proxime
882 1988 1038 2030 tempus
1055 1992 1135 2031 quo
1154 1992 1272 2029 vapor
1286 1981 1335 2018 ad
1399 1985 1426 2019 3

274 2038 487 2076 terminum
507 2038 643 2076 caudae
671 2035 856 2075 ascendit.
921 2033 1047 2073 Simili
1072 2033 1190 2072 modo
1208 2034 1335 2071 deter-
1390 2036 1440 2085 ΓΙ
1459 2015 1631 2063 PartibuS
1649 2013 1840 2052 distanfiae
1862 2014 1993 2053 Terrae
2010 2027 2035 2052 a
2056 2013 2159 2063 S⁰le2
2180 2021 2219 2053 et
2235 2013 2436 2064 propterea

275 2092 416 2129 minari
435 2098 561 2140 potest
579 2089 764 2138 temporis
783 2088 951 2138 spatium
965 2101 1044 2140 quo
1062 2100 1180 2137 vapor
1199 2100 1333 2126 ascen·
1384 2103 1604 2139 versabatur
1634 2108 1704 2140 aut
1731 2100 1832 2139 intra
1863 2102 1996 2139 orbern
2029 2101 2218 2141 Mercurii
2244 2108 2313 2138 aut
2336 2099 2436 2138 inter

277 2144 335 2183 dit
354 2145 405 2183 ad
422 2145 558 2183 datum
578 2143 715 2182 caudae
734 2151 938 2192 punctum.

334 2201 423 2237 170·
456 2199 522 2236 Ex
547 2197 609 2235 his
634 2210 721 2247 quae
745 2196 793 2234 de
812 2204 1051 2235 cometarum
1079 2195 1214 2233 caudis
1241 2196 1332 2233 hac-

274 2259 390 2291 tenus
408 2251 510 2290 dicta
528 2258 630 2295 sunt,
647 2258 899 2295 cometarum,
912 2249 1086 2300 quandiu
1108 2249 1218 2287 nobis
1237 2261 1331 2286 con·

275 2305 400 2354 spicui
419 2314 522 2349 sunt,
545 2304 715 2342 maxima
733 2302 924 2352 possibilis
942 2302 1123 2341 distantia
1141 2316 1164 2338 a
1187 2301 1276 2339 Sole
1291 2310 1332 2339 et

279 2358 400 2398 Terra
418 2357 569 2396 definiri
588 2364 726 2406 potest.
781 2356 942 2394 Referat
962 2356 988 2393 S
1012 2356 1155 2402 Solem,
1174 2356 1210 2393 T
1231 2355 1334 2393 Ter-.

278 2425 376 2458 ram,
409 2413 436 2450 S
457 2412 494 2450 T
516 2412 555 2449 A
583 2410 804 2448 distantiam
832 2416 994 2448 cometae
1020 2423 1044 2447 a
1074 2408 1173 2452 Sole,
1205 2408 1330 2458 sitque

280 2466 319 2504 A
342 2466 380 2503 T
400 2466 450 2510 B,
479 2476 668 2514 apparens
691 2462 896 2514 longitudo
918 2462 1065 2501 caudae.
1130 2461 1329 2506 Quoniam

275 2519 344 2557 lux
363 2525 597 2569 propagatur
615 2524 639 2555 a
656 2518 823 2555 termino
840 2516 976 2555 caudae
995 2515 1212 2555 secundum
1231 2514 1327 2553 line-

275 2585 339 2610 am
358 2580 501 2610 rectam
524 2572 561 2610 T
582 2571 632 2616 B,
661 2570 852 2620 reperitur
876 2570 1066 2608 terminus
1092 2569 1159 2607 ille
1185 2568 1329 2607 alicubi

274 2626 317 2663 in
336 2625 439 2664 linea
460 2625 497 2664 T
515 2625 564 2671 B,
583 2623 681 2674 puta
699 2623 741 2661 in
763 2624 817 2662 D.
853 2624 1053 2675 Jungatur
1073 2623 1115 2662 D
1134 2622 1174 2670 S,
1195 2634 1329 2660 secans

274 2679 419 2718 lineam
440 2679 477 2718 T
499 2678 538 2717 A
557 2678 599 2716 in
622 2678 669 2724 C,
688 2684 728 2716 et
745 2677 838 2728 quia
855 2677 980 2715 cauda
997 2689 1147 2726 semper
1164 2676 1327 2725 opponi-

274 2740 340 2771 tur
388 2731 469 2771 Soli
514 2729 820 2783 quamproxime,
874 2728 1042 2781 ideoque
1082 2730 1161 2774 Sol,
1209 2737 1328 2777 caput

274 2792 436 2824 cometae
462 2793 502 2824 et
527 2785 716 2824 terminus
742 2783 877 2822 caudae
897 2783 1030 2835 jacent
1055 2783 1098 2820 in
1121 2783 1326 2828 directum,

273 2840 461 2889 reperitur
496 2846 613 2888 caput
649 2845 812 2877 cometae
847 2837 890 2874 in
931 2838 975 2876 C.
1040 2838 1176 2876 Rectae
1214 2836 1251 2874 T
1272 2836 1324 2882 B,

273 2900 412 2944 agatur
428 2892 613 2943 parallela
643 2891 671 2930 S
692 2891 744 2936 A,
772 2902 976 2929 occurrens
1000 2890 1114 2928 lineae
1144 2890 1181 2929 T
1203 2890 1255 2935 A,
1283 2889 1326 2926 in

277 2947 329 2993 A,
360 2954 479 2996 caput
507 2944 670 2984 cometae
698 2944 731 2983 C
756 2942 970 2983 necessari&
990 2943 1203 2992 reperietur
1226 2943 1327 2980 inter

277 3000 314 3038 T
340 3007 380 3038 et
409 3000 459 3045 A,
489 3011 582 3037 nam
609 2997 800 3036 terminus
818 2998 954 3036 caudae
971 2997 1166 3046 reperitur
1182 2995 1325 3034 alicubi

272 3053 315 3090 in
342 3051 447 3091 linea
472 3050 627 3090 infinita
656 3052 693 3090 T
716 3051 766 3098 B,
795 3058 836 3088 et
861 3050 975 3090 lineae
993 3062 1129 3088 omnes
1146 3057 1192 3089 ut
1219 3050 1246 3088 S
1267 3049 1324 3096 D,

273 3120 361 3157 quae
379 3109 428 3145 ab
460 3106 487 3144 S
514 3105 564 3144 ad
590 3105 736 3143 lineam
757 3104 794 3143 T
816 3104 851 3142 B
871 3103 962 3142 duci
988 3111 1164 3153 possunt,
1195 3110 1326 3141 secant

272 3160 416 3199 lineam
434 3160 471 3198 T
488 3160 538 3206 A,
552 3157 696 3197 alicubi
713 3158 815 3196 inter
832 3159 868 3196 T
879 3165 919 3195 et
936 3158 988 3195 A.
1028 3155 1162 3202 Quare
1176 3163 1327 3194 cometa

273 3226 355 3251 non
383 3220 510 3263 potest
536 3212 693 3261 longius
720 3213 852 3250 abesse
869 3224 893 3249 a
914 3208 1037 3250 Terra
1061 3209 1180 3261 quarn
1206 3210 1324 3247 inter-

272 3267 375 3305 vallo
409 3267 447 3305 T
469 3266 524 3313 A,
554 3277 626 3304 nec
658 3278 681 3303 a
715 3264 805 3303 Sole
835 3262 956 3317 quam
987 3263 1190 3302 intervallo
1223 3262 1250 3301 S
1284 3263 1323 3300 A

273 3320 376 3359 ultra
415 3320 558 3366 Solem,
597 3318 658 3357 vel
698 3320 725 3357 S
763 3318 812 3365 T,
851 3317 958 3357 citra.
1039 3316 1236 3366 Exemplo
1274 3315 1325 3353 sit

273 3381 425 3412 cometa
452 3387 515 3411 an.
541 3376 657 3412 1680.
674 3371 835 3411 'cometa
860 3370 928 3409 ille
951 3370 1014 3409 die
1036 3375 1097 3408 12.
1124 3371 1222 3409 Dec.
1246 3368 1325 3407 dis-

272 3429 379 3465 tabat
409 3426 468 3466 90.
493 3440 517 3465 a
544 3426 635 3464 Sole
662 3433 702 3464 et
728 3424 935 3477 longitudo
960 3424 1095 3463 caudae
1123 3431 1206 3462 erat
1230 3421 1321 3462 350.

276 3479 411 3524 Quare
429 3487 673 3518 construatur
690 3478 933 3531 triangulum
955 3478 992 3516 T
1009 3478 1036 3516 S
1054 3479 1105 3524 A,
1127 3476 1239 3527 cujus
1256 3488 1324 3514 an-

272 3533 392 3584 gulus
413 3534 449 3571 T
469 3533 627 3583 aequalis
655 3532 705 3570 sit
730 3532 924 3570 distantiae
944 3530 1005 3572 90.
1028 3537 1068 3568 et
1084 3529 1263 3581 angulus,
1284 3529 1323 3567 A

273 3600 341 3624 seu
360 3587 531 3636 angulus
553 3587 590 3624 A
614 3586 650 3624 T
673 3586 709 3623 B
729 3585 888 3636 aequalis
905 3585 955 3623 sit
970 3582 1212 3635 longitudini
1230 3594 1324 3621 cau-

273 3639 334 3677 dae
352 3639 440 3678 5502
465 3639 538 3677 erit
560 3639 586 3677 S
610 3639 647 3676 A
667 3638 717 3676 ad
739 3638 766 3677 S
787 3639 836 3685 T,
855 3637 897 3676 id
915 3645 983 3682 est,
1013 3637 1125 3675 limes
1142 3635 1326 3674 maximae

272 3692 460 3742 possibilis
487 3691 678 3731 distantiae
704 3699 866 3729 cometae
893 3705 930 3729 a·
946 3690 1036 3730 Sole
1054 3689 1103 3728 ad
1122 3688 1323 3727 semi-dia-

271 3753 441 3783 metrum
459 3746 561 3783 orbis
578 3744 713 3796 magni
732 3752 775 3782 ut
795 3762 804 3780 ι
815 3744 902 3782 inus
915 3741 1052 3793 anguli
1068 3742 1117 3790 T,
1132 3742 1183 3781 ad
1194 3742 1326 3780 sinum

274 3797 410 3847 anguli
434 3799 484 3844 A,
504 3800 578 3836 hoc
597 3806 664 3842 est,
686 3805 731 3836 ut
749 3802 787 3836 5.
810 3797 860 3836 ad
883 3802 943 3835 11.
966 3796 1129 3835 circiter.
1189 3792 1324 3839 Quare

274 3858 424 3890 cometa
451 3864 498 3888 co
523 3858 696 3900 tempore
722 3851 854 3889 miuus
872 3850 1034 3890 distabat
1053 3863 1076 3888 a
1097 3847 1186 3887 Sole
1203 3845 1323 3900 quam

1382 2157 1516 2193 orbem
1534 2154 1648 2193 illum
1675 2163 1716 2193 et
1744 2155 1917 2193 Terram.
1980 2155 2134 2194 Rursus
2152 2156 2215 2194 die
2238 2159 2302 2195 21.
2329 2154 2428 2192 Dec.

1379 2240 1561 2281 distantia
1578 2248 1740 2281 cometae
1757 2254 1781 2280 a
1802 2240 1891 2279 Sole
1909 2246 1990 2279 erat
2009 2239 2097 2279 320.
2117 2214 2168 2316 ἒ
2180 2249 2218 2282 et
2229 2243 2436 2295 longitudo

1378 2363 1513 2402 caudae
1541 2361 1629 2402 700.
1652 2359 1748 2414 ergo
1767 2368 1812 2400 ut
1829 2361 1937 2401 sinus
1956 2359 2045 2400 820.
2067 2334 2131 2435 Ξ
2140 2362 2190 2402 ad
2202 2362 2332 2401 sinum
2345 2361 2431 2401 700.

1376 2449 1451 2489 hoc
1469 2457 1538 2497 est,
1567 2455 1614 2487 ut
1631 2453 1657 2487 4
1675 2447 1726 2487 ad
1745 2452 1783 2495 7,
1815 2447 1871 2487 ita
1899 2456 1980 2487 erat
2007 2448 2119 2487 limes
2149 2447 2340 2488 intervalli
2372 2447 2433 2486 in-

1377 2509 1437 2542 ter
1465 2510 1656 2544 cometam
1688 2510 1729 2542 et
1758 2503 1890 2542 Solem
1922 2502 1972 2542 ad
1999 2502 2221 2542 distantiam
2252 2504 2383 2543 Terrae
2409 2516 2432 2540 a

1376 3153 1476 3200 Sole,
1498 3160 1538 3191 et
1555 3151 1757 3203 propterea
1775 3152 1953 3191 nondum
1970 3158 2122 3191 cometa
2148 3158 2359 3190 excesserat
2376 3162 2424 3188 ex

1372 3209 1465 3245 orbe
1511 3206 1687 3245 Veneris.
1739 3210 1744 3214 '
1763 3206 1843 3244 Die
1878 3210 1943 3244 28.
1996 3205 2204 3244 Decembr·
2243 3205 2424 3243 distantia

1375 3266 1538 3299 cometae
1554 3273 1579 3297 a
1599 3259 1690 3298 Sole
1707 3266 1790 3299 erat
1799 3258 1888 3299 550.
1906 3266 1947 3299 et
1960 3258 2166 3311 longitudo
2179 3258 2314 3297 caudae
2327 3255 2418 3296 560.

1380 3314 1525 3360 Quare,
1553 3312 1692 3351 iisdem
1710 3313 1848 3352 calculi
1867 3312 2034 3364 vestigiis
2059 3312 2282 3358 insistendo,
2311 3311 2424 3348 limes

1375 3365 1568 3404 intervalli
1604 3367 1705 3404 inter
1738 3374 1930 3405 cometam
1966 3373 2006 3404 et
2052 3365 2196 3411 Solem,
2243 3364 2421 3402 nondum

1375 3421 1553 3470 aequabat
1579 3418 1807 3470 distantiam³
1832 3420 1963 3470 Terrae
1980 3432 2004 3458 a
2026 3419 2124 3464 Sole,
2154 3428 2193 3457 et
2218 3415 2423 3468 propterea

1373 3480 1523 3511 cometa
1554 3473 1731 3512 nondum
1767 3481 1980 3512 excesserat
2015 3485 2062 3511 ex
2098 3473 2192 3512 orbe
2235 3470 2415 3510 Telluris.

1373 3524 1469 3565 Hac
1492 3526 1676 3565 methodo
1701 3538 1820 3578 quam
1844 3537 1893 3566 ex
1925 3525 2110 3565 Newtoni
2138 3524 2342 3575 Opusculo
2371 3522 2421 3561 de

1374 3578 1523 3617 Mundi
1554 3580 1769 3631 Systemate
1785 3579 2069 3630 descripsimus,
2097 3579 2261 3620 aliorum
2290 3589 2419 3616 come-
2472 3578 2476 3582 ’

1375 3638 1500 3670 tarum
1519 3632 1719 3672 distantias
1736 3633 1940 3673 limitando
1957 3633 2158 3672 inventum
2177 3640 2234 3671 est
2252 3638 2421 3671 cometas

1372 3698 1520 3732 omnes,
1540 3686 1718 3736 quandiu
1736 3699 1778 3725 se
1794 3687 1906 3725 nobis
1923 3685 2144 3732 ostendunt,
2162 3685 2301 3724 versari
2321 3683 2422 3720 intra

1372 3738 1542 3788 spatium
1556 3739 1787 3789 sphaericum
1801 3747 1934 3778 centro
1947 3739 2037 3778 Sole
2050 3746 2090 3778 et
2103 3738 2302 3776 intervallo
2320 3735 2422 3773 Solis

1370 3804 1415 3831 ac
1436 3793 1567 3831 Terrae
1583 3792 1646 3832 vel
1663 3792 1861 3844 duplicato
1879 3792 1940 3832 vel
1953 3792 2210 3831 adsummum
2231 3790 2422 3841 triplicato

1374 3845 1621 3896 descriptum.
