2540 4296
354 237 457 284 202
642 270 645 272 .
867 230 1440 286 PHILosOPHIAE
1479 231 1935 287 NATURALis
1986 233 2105 299 [DE
2125 233 2329 286 MUND.
2355 222 2509 290 δίεν.

351 392 514 443 usque
540 376 719 427 orbem
743 376 972 438 Saturni,
1016 374 1075 444 (¹²)
1105 386 1163 427 ut
1189 395 1267 451 etz.¹
1285 377 1455 447 quiete
1484 376 1808 448 apheliorum
1832 378 2159 445 planetarum
2182 378 2510 432 manifestum

350 477 441 528 est,
471 476 522 517 et
547 460 615 517 ad
639 483 805 534 usque
830 465 1012 516 ultima
1033 471 1353 517 cometarum
1377 464 1599 533 aphelia,
1628 465 1670 515 si
1693 464 1852 516 modo
1879 465 2085 534 aphelia
2108 466 2198 517 illa
2224 467 2507 537 quiescant.

354 555 633 607 Rationem
670 552 795 605 vero
832 553 1022 605 harum
1058 555 1326 624 gravitatis
1361 549 1743 622 proprietatum
1769 574 1836 606 ex
1871 555 2234 623 phaenomenis
2271 559 2509 609 nondum

345 647 495 716 potui
518 646 795 713 deducere,
825 656 877 697 et
900 645 1217 715 hypotheses
1241 664 1350 698 non
1375 645 1538 716 fingo.
1596 645 1865 716 Quicquid
1892 647 2032 697 enim
2057 665 2130 705 ex,
2148 647 2507 717 phaenomenis

346 736 784 803 nondeducitur,
824 739 1107 806 hypothesis
1143 737 1378 789 vocanda
1414 748 1523 804 est3
1563 748 1615 790 et
1650 738 1965 808 hypotheses
1991 758 2086 792 seu
2115 741 2502 811 metaphysicae,

348 847 440 881 seu
476 827 726 897 physicae,
769 846 860 894 seu
896 827 1205 901 qualitatum
1242 828 1578 891 occultarum,
1608 847 1703 886 seu
1725 829 2056 892 mechanicae,
2085 830 2141 881 in
2167 831 2498 898 philosophici

347 919 731 986 experimentali
765 916 941 968 locum
975 935 1084 969 non
1119 917 1329 970 habent.
1405 917 1471 969 In
1507 917 1607 969 hac
1639 917 1970 986 philosophia
2000 918 2389 987 Propositiones
2416 920 2506 971 de-

346 1011 609 1062 ducuntur
635 1027 702 1061 ex
738 1008 1116 1077 phaenomeni52.
1155 1020 1207 1060 et
1239 1008 1532 1060 redduntur
1557 1008 1826 1079 generales
1850 1027 1946 1078 per
1970 1008 2341 1062 inductionem.
2420 1012 2506 1063 Sic

344 1100 821 1171 impenetrabilitas,
849 1101 1126 1164 mobilitas,
1144 1090 1207 1152 'et
1230 1093 1455 1169 'impetus
1482 1118 1763 1169 corporum
1788 1110 1840 1153 et
1874 1100 2017 1171 leges
2041 1110 2280 1153 motuum
2304 1112 2356 1153 et
2385 1122 2505 1173 gra-

343 1192 514 1245 vitatis
551 1192 906 1243 innotuerunt.
985 1191 1059 1243 Et
1095 1174 1218 1244 satis
1256 1203 1333 1243 est
1370 1192 1512 1262 quod
1550 1192 1776 1262 gravitas
1823 1192 2006 1244 revera
2046 1193 2249 1256 existat,
2293 1204 2345 1245 et
2386 1206 2505 1266 agat

345 1281 634 1334 secundum
676 1281 818 1353 leges
851 1301 882 1332 a
918 1281 1069 1333 nobis
1095 1283 1393 1352 expositas,
1431 1292 1484 1334 et
1521 1282 1588 1333 ad
1626 1298 1905 1352 corporum
1942 1283 2228 1336 coelestium
2264 1293 2315 1336 et
2347 1286 2504 1337 maris

341 1372 509 1425 nostri
531 1380 703 1424 motus
730 1390 910 1424 onmes
939 1372 1176 1425 sufficiat.

416 1462 662 1532 Adjicere
691 1462 804 1532 jam
840 1462 1022 1514 liceret
1057 1461 1311 1514 nonnulla
1349 1461 1416 1514 de
1453 1459 1640 1531 spiritu
1665 1462 1899 1533 quodam,
1918 1463 2255 1516 subtilissimo
2283 1483 2504 1533 corpora

345 1573 518 1606 crassa
541 1555 874 1624 pervadente,
915 1564 968 1606 et
1003 1555 1059 1606 in
1095 1553 1285 1606 iisdem
1310 1555 1541 1616 latente3
1583 1555 1732 1624 cujus
1756 1554 1809 1606 vi
1846 1564 1897 1607 et
1922 1554 2211 1607 actionibus
2235 1555 2505 1623 particulae

318 1687 322 1690 -
343 1665 625 1717 corporum
650 1645 718 1698 ad
733 1637 973 1698 minimas
1000 1646 1269 1698 distantias
1296 1664 1351 1698 se
1376 1643 1561 1697 mutu&
1587 1645 1870 1709 attrahunt,
1893 1656 1944 1697 et
1964 1645 2224 1717 contiguae
2240 1645 2389 1697 factae
2418 1664 2505 1696 co·-

342 1735 575 1788 haerent:
616 1747 670 1788 et
707 1754 928 1805 corpora
965 1736 1205 1788 electrica
1230 1746 1392 1806 agunt
1417 1735 1485 1786 ad
1512 1735 1779 1787 distantias
1805 1737 2044 1806 majores,
2071 1745 2179 1787 tam
2204 1735 2503 1804 repellendo

345 1825 503 1897 quam
529 1828 841 1881 attrahendo
869 1829 1176 1899 corpuscula
1202 1829 1403 1889 vicina3
1442 1838 1494 1879 et
1517 1827 1611 1879 lux
1637 1827 1902 1891 emittitur,
1930 1828 2227 1891 reflectitur,
2266 1827 2504 1899 refringi-

343 1929 444 1982 tur,
462 1905 769 1986 ‚inflectitun
801 1934 852 1974 et
878 1940 1101 1991 corpora
1126 1921 1387 1983 calefacit3
1427 1930 1480 1972 et
1504 1921 1733 1983 sensatio
1759 1921 1935 1971 omnis'
1953 1921 2223 1982 excitatur,
2265 1929 2317 1971 et
2342 1937 2504 1971 mem-

341 2011 440 2062 bra
455 2012 761 2064 animalium
779 2012 846 2064 ad
862 2008 1182 2064 voluntatem
1199 2010 1492 2074 moventur,
1514 2011 1889 2063 vibrationibus
1910 2010 2104 2062 scilicet
2120 2010 2273 2080 hujus
2293 2011 2503 2079 spiritus

341 2120 439 2170 per
478 2101 645 2153 solida
681 2122 964 2155 nervorum
1001 2103 1364 2173 capillamenta
1391 2103 1456 2155 ab
1484 2103 1713 2155 externis
1749 2121 1993 2154 sensuum
2032 2103 2241 2173 organis
2266 2103 2335 2155 ad
2360 2122 2503 2155 cere-

341 2195 506 2247 brum
543 2207 595 2248 et
633 2218 664 2250 a
703 2199 917 2250 cerebro
954 2199 1009 2249 in
1044 2198 1307 2249 musculos
1344 2197 1664 2268 propagatis.
1741 2195 1795 2264 (ἱ)
1838 2195 1941 2266 Sed
1966 2194 2081 2245 haec
2103 2195 2284 2263 paucis
2312 2197 2502 2264 exponi

340 2306 449 2338 non
472 2298 692 2360 possunt
709 2308 724 2350 3
761 2306 932 2358 neque
970 2288 1118 2340 adest
1156 2286 1414 2351 sufficiens
1439 2287 1590 2355 copia
1614 2285 2105 2355 experimentorum,
2146 2285 2330 2355 quibus
2355 2286 2497 2358 leges

340 2378 604 2431 actionum
629 2378 784 2449 hujus
810 2379 1025 2449 spiritus
1053 2377 1292 2431 accurate
1318 2378 1653 2431 determinari
1680 2387 1732 2430 et
1754 2377 2033 2430 monstrari
2058 2375 2263 2429 debent.

397 2608 458 2661 (¹¹)
494 2612 517 2634 ⁸
560 2612 613 2650 Ut
645 2625 688 2650 ex
710 2609 833 2664 quiete
864 2614 1112 2663 aplzeliorum.
1174 2612 1293 2663 Prop.
1331 2612 1394 2653 II.
1453 2615 1527 2653 hoc
1546 2614 1794 2657 subtiHssimo
1812 2613 1949 2664 spiritu
1976 2613 2162 2663 plurimas
2180 2611 2410 2665 quaestiones
2429 2609 2498 2650 sibi

343 2663 434 2702 Lib·
459 2663 564 2714 huj-)
1102 2667 1105 2670 ’
1451 2670 1633 2719 proponit
1653 2669 1869 2707 Newtonus
1885 2669 1927 2706 in
1950 2669 2133 2707 'fractam
2152 2668 2311 2717 Opticoe.
2434 2684 2438 2688 ·

395 2716 448 2772 (¹)
473 2721 490 2740 ¹¹
514 2719 587 2758 Sed
605 2721 685 2768 hoec
696 2721 839 2771 paucis
856 2721 990 2772 exponi
1006 2728 1085 2761 non
1100 2729 1272 2772 possunt.
1330 2722 1396 2761 De
2103 2729 2105 2731 ’
2368 2719 2372 2724 ’

362 2859 384 2878 δ
