2540 4296
278 243 380 294 178
802 238 1375 292 PHILOSOPHIAE
1415 236 1871 293 NATURALIS
1915 240 2033 320 [DE
2054 239 2257 291 Mmm.
2281 241 2434 292 SYs'r.

277 378 473 431 directe
498 379 688 431 aversis
706 399 721 441 3
757 379 1083 449 digrediente
1108 389 1281 430 autem
1307 389 1595 447 spectatore
1620 380 1685 431 de
1710 379 1791 430 his
1816 379 1984 447 planis
2010 380 2232 432 deviatio
2256 381 2436 456 paula-

275 471 371 523 tim
408 471 641 534 sentitur,
683 481 735 521 et
777 471 944 522 indies
982 482 1197 540 apparet
1232 473 1415 541 major.
1512 471 1673 532 Quod
1713 472 1937 524 deviatio
1978 474 2177 526 caeteris
2221 475 2435 544 paribus

275 560 446 613 minor
471 570 548 612 est
573 560 663 610 ubi
683 559 1123 630 cauda-obliquior
1144 569 1220 613 est
1240 560 1307 612 ad
1328 560 1509 612 orbem
1530 570 1762 624 cometae,
1784 571 1843 613 ut
1859 571 1911 612 et
1930 561 2019 612 ubi
2045 572 2201 631 caput
2220 574 2435 615 cometae

276 652 344 704 ad
387 651 563 703 Solem
606 648 824 719 propius
868 652 1099 714 accedit3
1154 652 1445 721 praesertim
1489 652 1533 704 si
1577 662 1834 721 spectetur
1872 653 2175 727 deviationis
2216 656 2435 724 angulus

268 742 422 811 juxta
450 749 606 806 caput
634 748 879 791 cometae:
918 750 1174 808 praeterea
1198 741 1338 811 quod
1363 740 1543 791 caudae
1567 758 1674 791 non
1699 741 1962 794 deviantes
1989 729 2241 811 apparent
2261 753 2433 806 rectae,

276 829 540 882 deviantes
579 838 753 880 autem
791 829 1145 883 incurvantur.
1223 831 1386 892 Quod
1424 842 1699 883 curvatura
1734 835 1899 903 major
1936 843 2014 885 est
2038 835 2130 885 ubi
2167 835 2331 904 major
2356 824 2437 886 est

276 921 516 985 deviatio,
539 930 591 972 et
609 921 775 993 magis
801 922 1055 975 sensibilis
1082 923 1171 976 ubi
1196 922 1362 975 cauda
1389 923 1589 974 caeteris
1614 922 1826 992 paribus
1852 924 2057 994 longior
2082 935 2189 976 est:
2227 943 2346 976 nam
2381 926 2436 976 in

275 1012 602 1065 brevioribus
647 1023 924 1066 curvatura
966 1013 1106 1085 aegre
1149 1014 1591 1065 animadvertitur.
1669 1013 1831 1075 Quod
1872 1013 2175 1066 deviationis
2215 1016 2435 1086 angulus

277 1106 451 1157 minor
488 1117 566 1158 est
593 1099 747 1176 juxta
772 1118 928 1176 caput
954 1116 1186 1170 cometae,
1226 1107 1391 1175 major
1409 1107 1563 1175 juxta
1589 1094 2177 1158 eaudae'extremitatem
2201 1107 2433 1173 alteram,

276 1206 430 1266 atque
473 1194 592 1247 ideo
637 1196 778 1267 quod
821 1196 988 1248 cauda
1024 1214 1259 1248 convexo
1303 1196 1382 1248 sui
1424 1195 1586 1247 latere
1628 1203 1804 1263 partes
1843 1194 2052 1263 respicit
2089 1214 2120 1247 a
2156 1196 2342 1264 quibus
2377 1196 2438 1247 fit

277 1287 521 1351 deviatio,
552 1305 773 1357 quaeque
798 1288 853 1338 in
879 1286 1019 1340 recta
1046 1301 1167 1340 sunt
1190 1287 1326 1340 linea
1354 1308 1385 1340 a
1413 1288 1533 1341 Sole
1558 1308 1653 1358 per
1679 1300 1834 1359 caput
1858 1277 2074 1344 cometae
2099 1290 2155 1342 in
2179 1291 2438 1343 infinitum

277 1378 450 1431 ducta.
528 1378 599 1435 Et
625 1379 768 1448 quod
794 1378 975 1430 caudae
1000 1397 1120 1449 quae
1145 1379 1456 1449 prolixiores
1483 1390 1604 1432 sunt
1628 1391 1680 1432 et
1702 1380 1926 1445 latiores,
1964 1394 2017 1433 et
2040 1382 2156 1434 luce
2179 1382 2439 1453 vegetiore

275 1467 485 1531 micant,
526 1467 629 1519 sint
666 1467 735 1520 ad
758 1467 923 1520 latera
949 1486 1185 1521 convexa
1222 1468 1381 1540 paulo
1408 1456 1784 1537 splendidiores
1811 1481 1863 1522 et
1886 1470 2049 1522 limite
2074 1472 2254 1523 minus.
2279 1472 2439 1523 indis-

280 1559 445 1612 tincto
470 1559 762 1610 terminatae
789 1558 947 1629 quam
972 1559 1040 1611 ad
1066 1578 1306 1611 concava.
1384 1558 1627 1612 Pendent
1650 1559 1810 1631 igitur
1834 1560 2181 1629 phaenomena
2205 1562 2386 1614 caudae
2410 1581 2441 1613 a

279 1661 428 1704 motu
453 1651 652 1721 capitiS,
680 1670 788 1703 non
814 1661 986 1703 autem
1011 1671 1041 1703 a
1067 1652 1280 1723 regione
1302 1651 1419 1703 coeli
1445 1651 1500 1702 in
1528 1649 1628 1722 qua
1657 1662 1814 1720 caput
1838 1652 2151 1720 conspicitur
2165 1672 2180 1714 3
2208 1662 2259 1704 et
2281 1671 2441 1722 prop-

278 1754 419 1795 terea
443 1762 552 1795 non
577 1743 711 1796 fiunt
746 1763 842 1814 per
868 1743 1230 1796 refractionem
1257 1742 1526 1806 coelorum,
1567 1742 1659 1794 sed
1684 1761 1714 1794 a
1739 1741 2294 1815 capite‘snppeditante
2331 1763 2441 1795 ma·-

278 1833 462 1886 teriam
487 1834 743 1886 oriuntur.
821 1834 1032 1886 Etenim
1057 1846 1116 1887 ut
1141 1835 1195 1885 in
1223 1836 1343 1886 a‘e‘re
1369 1843 1551 1885 nostro
1575 1832 1749 1884 fumus
1775 1834 2008 1902 corporis
2035 1834 2255 1903 cujusvis
2293 1834 2443 1905 igniti

279 1924 414 1993 petit
439 1924 726 1993 superiora,
755 1924 914 1994 idque
938 1925 1021 1977 vel
1045 1923 1546 1994 perpendiculariter
1572 1923 1616 1975 si
1641 1941 1830 1991 corpus
1858 1922 2101 1991 quiescat,
2129 1922 2211 1973 vel
2236 1922 2443 1992 oblique

281 2015 325 2068 si
351 2033 541 2085 corpus
566 2025 837 2068 moveatur
861 2016 917 2068 in
941 2015 1106 2068 latus:
1145 2017 1218 2068 ita
1242 2016 1299 2067 in
1325 2016 1483 2078 coelis,
1512 2015 1604 2067 ubi
1630 2033 1852 2084 corpora
1887 2015 2146 2085 gravitant
2169 2013 2224 2063 in
2252 2013 2442 2075 Solem,

281 2103 412 2157 fumi
437 2115 489 2156 et
515 2124 733 2174 vapores
760 2106 1039 2158 ascendere
1066 2107 1258 2158 debent
1283 2126 1312 2159 a
1342 2107 1462 2159 Sole
1490 2107 1587 2175 (uti
1603 2106 1714 2176 jam
1740 2105 1937 2157 dictum
1971 2105 2067 2170 est)
2104 2114 2155 2156 et
2181 2104 2446 2173 superiora

282 2195 368 2248 vel
392 2194 535 2248 recta
557 2207 751 2265 petere,
780 2198 824 2249 si
849 2217 1037 2267 corpus
1064 2198 1266 2251 fumans
1282 2198 1524 2268 -quiescit,
1555 2197 1636 2248 vel
1660 2195 1887 2267 oblique,
1926 2196 1969 2247 si
2004 2214 2191 2264 corpus
2227 2214 2446 2264 progre-

285 2286 481 2338 diendo
505 2286 621 2338 loca
648 2306 853 2356 semper
878 2288 1071 2340 deserit
1095 2307 1126 2339 a
1151 2288 1337 2358 quibus
1358 2287 1649 2355 superiores
1669 2285 1874 2354 vaporis
1898 2293 2070 2354 partes
2090 2284 2443 2335 ascenderant.

286 2376 358 2429 Et
395 2374 670 2445 obliquitas
708 2376 806 2428 ista
842 2376 1014 2428 minor
1041 2377 1138 2430 erit
1173 2376 1263 2429 ubi
1299 2394 1541 2428 ascensus
1567 2374 1772 2443 vaporis
1798 2364 2026 2426 velocior
2052 2382 2159 2424 est:
2200 2371 2446 2424 nimirum

292 3150 480 3190 solaribus
507 3152 549 3190 iu
576 3151 664 3190 vitri
692 3149 826 3190 ustorii
844 3148 935 3190 foco
953 3149 1105 3201 objecta
1131 3148 1351 3188 notabiliter
1404 3147 1511 3195 teria,
1541 3147 1873 3199 quemadmodum
1908 3149 1952 3186 in
1982 3148 2180 3198 apparenti
2212 3155 2451 3186 cometarum

292 3203 439 3253 impelli
460 3206 685 3243 observavit.
738 3204 960 3243 Lamellam
979 3215 1138 3255 quoque
1156 3202 1352 3241 elasticam
1405 3201 1661 3251 atmosphaerz‘i
1693 3202 1790 3242 solet
1825 3202 2027 3241 observari.
2105 3203 2262 3252 Sphaera
2298 3201 2454 3238 interior

292 3256 349 3295 ita
368 3258 509 3308 ligneae
529 3259 671 3296 tabulae
690 3258 812 3296 affixit
830 3265 876 3295 ut
895 3255 1119 3295 extremitas
1136 3269 1218 3294 una
1235 3254 1355 3300 libere
1412 3256 1450 3294 A
1474 3256 1509 3293 B
1533 3255 1580 3301 C,
1609 3268 1658 3293 ex
1685 3254 1732 3293 iis
1758 3262 1925 3305 ponatur
1951 3261 2126 3294 constare
2150 3254 2348 3304 particulis
2365 3266 2454 3303 quae

293 3310 494 3359 penderet,
513 3311 683 3349 collectis
698 3311 786 3348 vitri
800 3310 939 3348 ustorii
952 3322 1025 3360 ope
1039 3309 1226 3347 solaribus
1239 3308 1356 3347 radiis
1407 3308 1604 3347 radiorum
1623 3307 1806 3368 solarium
1826 3308 2049 3358 impulsioni
2068 3308 2214 3357 possint
2231 3307 2414 3352 resistere,
2431 3318 2454 3343 e

295 3364 469 3413 exposita
494 3365 578 3402 haec
605 3364 762 3402 lamella
787 3364 911 3402 instar
937 3362 1101 3413 penduli
1127 3361 1356 3401 sensibiliter
1408 3360 1543 3400 contra
1560 3359 1650 3400 verb
1664 3361 1766 3399 orbis
1775 3362 1955 3411 superior
1973 3362 2008 3399 A
2027 3361 2060 3400 F
2076 3362 2109 3399 Β
2124 3361 2165 3399 D
2182 3361 2214 3400 C
2228 3361 2279 3404 E,
2296 3359 2456 3398 leviores

296 3417 377 3455 ibat
407 3425 446 3456 et
473 3417 634 3456 redibat.
698 3416 891 3462 Quamvis
922 3424 1055 3455 autem
1087 3415 1279 3455 levissima
1307 3415 1360 3453 sit
1409 3415 1606 3454 contineat
1624 3415 1831 3464 particulas
1849 3428 1935 3465 quae
1952 3414 2045 3453 huic
2062 3413 2285 3463 impulsioni
2304 3412 2455 3456 cedant,

297 3470 360 3507 hic
378 3471 483 3519 apud
502 3484 573 3508 nos
590 3470 787 3509 radiorum
807 3469 994 3509 solarium
1015 3468 1211 3518 impulsio,
1232 3468 1355 3506 maxi·
1410 3468 1661 3506 manifestum
1693 3477 1752 3506 est
1781 3467 1978 3507 radiorum
2009 3466 2192 3507 solarium
2221 3466 2456 3515 impulsione

298 3535 364 3560 ma
381 3531 511 3561 tamen
532 3536 613 3561 esse
632 3531 757 3572 potest
775 3525 817 3561 in
838 3523 972 3574 spatiis
993 3522 1198 3561 liberrimis
1215 3522 1256 3560 in
1271 3521 1358 3572 qui·
1411 3521 1548 3571 projici
1574 3534 1708 3560 versus
1738 3521 1837 3559 Solis
1859 3520 2328 3571 oppositionemmateriae
2345 3517 2458 3556 vesti-

298 3577 372 3613 bus
391 3584 551 3614 cometae
571 3577 814 3623 deferuntur,
834 3575 1048 3627 praesertim
1067 3575 1160 3614 cum
1179 3574 1358 3613 tenuissi-
1411 3573 1524 3625 gium
1545 3575 1581 3614 B
1607 3575 1644 3613 G
1666 3573 1711 3612 H
1733 3574 1752 3625 j
1775 3574 1829 3620 K,
1857 3573 1963 3626 quod
1980 3562 2145 3624 figurfii
2169 3573 2379 3614 caudarum
2398 3583 2459 3608 re·

300 3640 366 3666 ma
383 3630 432 3667 sit
450 3630 611 3668 materia
630 3643 718 3680 quae
737 3638 980 3669 cometarum
993 3627 1136 3667 caudas
1146 3627 1354 3676 componit.
1415 3635 1633 3677 praesentat·
1674 3628 1737 3666 Ex
1752 3626 1864 3667 dictis
1882 3635 1986 3677 patet
2003 3629 2104 3667 hanc
2121 3627 2347 3669 sententiam
2368 3636 2460 3662 cum

301 3681 330 3720 J
332 3694 395 3719 am
417 3681 505 3721 ver&
524 3683 765 3731 concipiatur
784 3692 937 3722 cometa
958 3682 1011 3725 N,
1038 3680 1238 3731 apparenti
1256 3680 1360 3718 cinc-
1417 3680 1686 3720 Newtonianis
1718 3680 1923 3734 l'rincipiis
1957 3680 2174 3721 consentire
2184 3688 2207 3727 3³·
2232 3686 2271 3716 et
2304 3677 2461 3728 quidem

305 3741 369 3785 tus
387 3735 643 3784 atmosphaera
664 3736 701 3774 E
719 3736 760 3774 D
778 3735 824 3781 F,
845 3735 887 3773 in
905 3735 1069 3773 transitu
1084 3734 1227 3772 sci-licet
1245 3731 1363 3783 prope
1420 3734 1637 3773 Newtonus
1656 3733 1873 3783 describens
1890 3732 2023 3784 poste&
2051 3732 2211 3783 Kepleri
2240 3731 2462 3780 opinionem

311 3787 440 3825 Solem
460 3788 634 3835 collecta,
655 3789 710 3826 ita
727 3796 774 3826 ut
792 3788 834 3826 in
854 3788 992 3839 majori
1010 3800 1032 3824 a
1049 3795 1210 3825 cometae
1225 3786 1365 3825 nucleo
1418 3799 1507 3839 quae
1525 3787 1661 3827 eadem
1677 3784 1758 3830 fere
1778 3795 1847 3833 est,
1865 3789 1914 3828 ab
1931 3785 1980 3827 ea
1997 3799 2075 3827 non
2094 3785 2243 3825 videtur
2262 3785 2421 3823 alienus.

308 3840 365 3890 N,
381 3839 562 3880 distantia
579 3841 700 3880 levior
717 3842 917 3894 rariorque
931 3853 1082 3891 semper
1096 3840 1163 3879 fiat
1180 3841 1263 3879 haec
1282 3851 1365 3879 ma-
