2540 4296
315 192 416 236 104
826 177 1394 233 PHILosoPHlAE
1436 177 1886 231 NATURALis
1924 179 2042 244 [DE
2072 180 2274 233 Mum.
2304 184 2453 240 sm.
2524 146 2540 224 ’ἶ

300 327 560 389 velocitaS,
603 324 704 394 qua
743 332 980 375 centrum
1013 320 1153 372 orbis
1188 321 1357 371 Lunae

300 417 354 467 in
379 415 514 468 linea
554 414 779 485 quadam
818 412 975 463 curva
1002 412 1197 462 circum
1236 413 1375 462 cen-'

298 516 440 557 trum
493 505 537 555 C
594 499 849 569 descripta
896 499 1202 561 movebitur,
1259 498 1357 549 erit

298 592 562 663 reciproce
589 603 646 643 ut
671 592 836 643 cubus
870 590 1126 642 distantiae
1156 588 1290 642 Solis
1326 607 1358 639 a

302 683 469 735 Terra
498 680 910 752 quamproxime,
938 690 997 732 ut
1021 689 1240 749 oportet.

373 772 710 840 Computatio
746 771 916 823 motus
941 770 1094 840 hujus
1134 768 1354 821 difficilis

294 872 386 925 est,
410 863 500 914 sed
519 863 716 914 facilior
731 863 977 915 reddetur
991 881 1085 932 per
1103 860 1347 931 approxi-

292 954 572 1005 mationem
616 965 931 1023 sequentem.
1009 955 1065 1006 Si
1102 952 1344 1004 distantia
1379 946 1652 1001 mediocris
1679 947 1846 999 Lunae
1871 968 1902 999 a
1928 949 2094 1001 Terra
2122 952 2186 1002 sit
2209 954 2438 1020 partium

298 1051 526 1107 100000,
574 1056 625 1096 et
668 1045 1018 1097 eccentricitas
1064 1044 1116 1095 T
1157 1043 1202 1095 C
1241 1043 1305 1093 sit
1339 1040 1564 1110 partium
1609 1046 1746 1091 5505
1786 1048 1844 1089 ut
1881 1058 2067 1108 supra:
2119 1055 2259 1094 recta
2300 1045 2344 1096 C
2389 1046 2435 1096 B

292 1132 375 1182 vel
415 1132 459 1183 C
491 1132 546 1183 D
585 1132 874 1184 invenietur
908 1131 1135 1201 partium
1176 1134 1346 1197 1172}
1374 1143 1425 1180 et
1448 1138 1589 1179 recta
1614 1127 1669 1178 D
1698 1126 1742 1177 F
1766 1126 1991 1194 partium
2031 1130 2148 1193 3532.
2227 1130 2297 1182 Et
2322 1131 2436 1184 haec

292 1233 433 1274 recta
471 1222 538 1273 ad
576 1222 871 1273 distantiam
911 1221 963 1272 T
1005 1221 1050 1273 C
1088 1219 1352 1272 subtendit
1377 1217 1625 1288 angulum
1649 1215 1716 1266 ad
1743 1216 1962 1267 Terram
1990 1235 2143 1286 quem
2169 1220 2435 1274 translatio

296 1312 461 1363 centri
487 1312 627 1363 orbis
654 1331 684 1363 a
708 1311 830 1363 loco
856 1311 912 1363 D
938 1311 1005 1362 ad
1030 1311 1199 1362 locum
1230 1310 1274 1361 F
1298 1317 1512 1380 generat
1536 1308 1588 1358 in
1615 1316 1760 1358 motu
1779 1307 1942 1358 centri
1966 1307 2148 1376 hujus:
2177 1319 2227 1360 et
2254 1312 2433 1364 eadem

284 1471 441 1518 tiarum,
462 1471 698 1510 inveniretur
715 1472 747 1510 is
765 1479 894 1510 motus
913 1471 1077 1523 singulis
1094 1471 1136 1508 in

286 1556 380 1594 locis
401 1569 426 1594 o
442 1558 494 1609 ξ.-
512 1530 578 1629 Ξῖἶ
596 1570 633 1605 o,
655 1565 693 1596 et
711 1557 764 1596 ita
779 1564 997 1606 assumptus
1011 1557 1138 1595 fuerat

283 1642 325 1679 in
354 1643 481 1690 primii
514 1643 796 1682 constructione
826 1642 919 1695 (vid.
953 1649 1033 1679 not·
1066 1642 1134 1694 (¹¹¹)

283 1696 484 1747 praeced.)‚
515 1709 608 1749 ergo
644 1696 800 1747 singulo
836 1697 877 1732 in
914 1695 999 1733 loco
1031 1708 1135 1733 error

283 1750 510 1787 commissus
554 1762 623 1800 per
668 1751 766 1787 hanc
804 1749 999 1786 fictionem
1037 1748 1137 1787 foret

282 1838 332 1886 -Ῑῖ
351 1814 403 1905 -Ξ-
423 1848 472 1884 03
498 1835 639 1885 pariter
657 1835 688 1873 si
712 1835 811 1873 Solis
830 1843 962 1874 motus
980 1834 1132 1873 medIus

281 1919 432 1959 dicatur
458 1934 500 1958 m
525 1928 722 1959 ostensum
749 1927 807 1958 est
834 1922 932 1972 (not·
956 1920 1013 1972 (¹¹)
1029 1933 1128 1971 vpag.

282 1978 348 2019 96,
397 1974 481 2024 97.)
535 1973 791 2012 differentiam
837 1975 938 2011 inter
981 1982 1134 2013 motu-m

282 2058 457 2098 medium
476 2069 514 2100 et
532 2073 666 2098 verum
681 2073 762 2099 esse
780 2064 831 2112 ’.ζ
846 2032 909 2133 ΞΤΧ
929 2073 969 2099 m
985 2075 999 2109 ;
1026 2061 1134 2100 ideo-

281 2191 358 2230 que
375 2178 469 2217 cum
488 2180 586 2218 ratio
600 2183 659 2232 ,ζ
680 2160 732 2251 Ξ
751 2192 775 2218 o
795 2180 844 2218 ad
865 2183 916 2233 ss
934 2152 1001 2252 ξ-
1016 2193 1068 2227 m,
1085 2181 1133 2219 sit

277 2265 321 2303 in
339 2265 503 2316 singulis
516 2266 670 2316 punctis
688 2279 714 2304 x
733 2266 883 2314 eadem,
899 2266 1064 2319 aequatio
1083 2279 1131 2304 ex

278 2365 403 2390 errore
424 2333 539 2423 ss÷
567 2366 592 2391 o
623 2360 706 2391 orta
735 2353 808 2391 erit
834 2351 1127 2403 proportionalis

276 2472 483 2523 aequationi
502 2485 548 2510 ex
567 2474 616 2524 ’.ζ
633 2444 699 2543 -ἶ-ἷῐ
718 2485 759 2509 m
777 2480 883 2521 ortae‚
899 2474 972 2510 hoc
986 2480 1043 2511 est
1056 2472 1128 2510 erit

276 2558 570 2607 proportionalis
606 2559 814 2609 aequationi
851 2559 970 2598 centri
1002 2559 1125 2607 Solis;

276 2612 343 2649 sed
364 2612 528 2662 aequatio
546 2613 665 2650 centri
690 2613 787 2650 Solis
806 2621 861 2651 est
880 2613 1128 2664 quamproxi-

276 2665 341 2702 me
361 2665 655 2714 proportionalis
673 2665 776 2704 sinui
795 2666 997 2704 anomaliae
1026 2666 1125 2704 Solis

276 2727 356 2755 not.
375 2722 468 2756 572·
484 2718 573 2755 Lib·
594 2718 628 2755 Ι.
647 2730 737 2755 nam
751 2719 830 2757 illic
844 2720 1128 2766 demonstratur

276 2771 382 2820 quod
413 2771 445 2807 si
477 2783 522 2808 ex
553 2778 716 2821 utroque
751 2773 838 2810 foco
873 2775 901 2815 S
931 2781 970 2809 et
1001 2785 1019 2809 s
1049 2774 1182 2812 orbitae
1217 2777 1317 2816 Solis

277 2823 469 2863 ducantur
487 2823 599 2861 lineae
617 2825 666 2863 ad
685 2834 872 2875 punctum
898 2826 943 2871 P,
964 2825 1035 2864 erit
1065 2826 1100 2864 Β
1120 2840 1138 2864 s
1161 2829 1194 2867 P
1220 2843 1313 2868 ano.

1204 2625 1265 2670 A

1375 2776 1602 2827 aequationis
1619 2776 1729 2822 Solis,
1742 2776 1820 2814 sive
1831 2775 1881 2814 ad
1900 2777 2023 2826 ipsam
2035 2778 2306 2828 aequationem,
2327 2791 2420 2816 nam

1375 2830 1417 2867 in
1436 2830 1561 2878 parvis
1589 2830 1754 2880 angulis,
1784 2842 1895 2867 arcus
1921 2843 1993 2878 pro
2020 2831 2183 2869 sinubus
2209 2832 2311 2869 sumi
2330 2845 2420 2881 pos-

1374 2890 1476 2920 sunt.
1539 2882 1648 2920 Hinc
1668 2883 1775 2920 sinus
1793 2883 1999 2920 anomaliae
2025 2896 2126 2922 verae
2145 2892 2202 2922 est
2220 2885 2269 2922 ad
2288 2899 2419 2935 aequa-

1373 2937 1519 2973 tionem
1538 2935 1657 2973 centri
1680 2936 1779 2973 Solis
1805 2936 1844 2972 in
1873 2936 2021 2974 rat-ione
2040 2936 2131 2975 data
2157 2937 2252 2975 radii
2279 2950 2419 2987 nempe

1373 2989 1422 3026 ad
1441 2988 1600 3038 duplam
1619 2989 1963 3037 excentricitatem3
1984 2990 2074 3028 hinc
2093 2991 2233 3041 itaque,
2254 2992 2420 3041 aequatio

1371 3080 1454 3113 orta
1480 3087 1528 3113 ex
1547 3087 1672 3112 errore
1691 3077 1741 3126 ’.Ῑῖ
1768 3054 1817 3145 Ξ-
1843 3087 1879 3121 ο,
1908 3076 1980 3115 erit
2006 3082 2052 3113 ut
2077 3075 2186 3115 sinus
2213 3076 2416 3115 anomaliae

1374 3160 1486 3208 solis,
1517 3161 1584 3199 sed
1616 3161 1785 3211 angulus
1817 3161 1849 3199 C
1872 3162 1913 3199 D
1936 3162 1970 3200 F
2000 3169 2058 3200 est
2086 3167 2414 3213 complementum

1369 3214 1454 3265 ejus
1470 3215 1674 3253 anomaliae
1700 3214 1751 3252 ad
1778 3214 1908 3253 3603‘.
1930 3215 2039 3254 sinus
2055 3224 2186 3254 autem
2205 3216 2316 3254 arcus
2342 3218 2413 3254 ali-

1369 3268 1481 3319 cujus
1499 3276 1538 3307 et
1555 3267 1662 3305 sinus
1680 3268 1765 3319 ejus
1791 3267 2064 3317 complementi
2092 3270 2141 3308 ad
2170 3270 2296 3309 3608‘.
2321 3277 2413 3308 sunt

677 3314 891 3374 ⁶Sos

274 3435 392 3474 malia
409 3436 548 3483 media,
579 3446 618 3477 et
639 3439 674 3477 B
698 3439 726 3478 S
749 3439 783 3478 P
799 3440 992 3479 anomalia
1020 3454 1118 3488 vera,
1150 3439 1316 3493 ideoque

274 3490 442 3538 angulus
464 3491 491 3529 S
507 3491 542 3529 P
554 3505 573 3528 s
591 3493 663 3531 erit
681 3494 859 3543 aequatio,
879 3493 1043 3532 ducatur
1060 3508 1153 3547 ergo
1172 3508 1218 3533 ex
1237 3509 1256 3533 s
1272 3495 1315 3532 in

277 3542 305 3579 S
327 3542 362 3580 P
379 3544 699 3592 perpendiculum
718 3559 736 3584 s
757 3547 793 3584 E
815 3553 854 3585 et
872 3560 918 3584 ex
943 3548 977 3585 P
994 3549 1312 3597 perpendiculum

277 3594 313 3650 P
336 3595 451 3642 R,ob
483 3597 775 3637 similitudinem
806 3600 1088 3651 triangulorum
1121 3603 1147 3640 S
1165 3616 1183 3640 s
1205 3604 1241 3641 E
1271 3610 1310 3640 et

272 3647 409 3686 sPR
441 3651 523 3695 erit,
561 3652 645 3689 SP
675 3652 726 3690 ad
761 3653 857 3691 PR
884 3660 930 3691 ut
960 3654 1023 3691 Ss
1049 3654 1099 3692 ad
1126 3655 1313 3699 sE‚sive

272 3701 463 3753 sumendo
498 3705 527 3740 S
561 3704 596 3742 P
627 3717 697 3753 pro
731 3705 840 3744 radio
875 3706 1067 3745 constanti
1100 3708 1222 3760 (quod
1254 3716 1311 3746 est

271 3753 446 3801 proxime
467 3758 617 3806 verum)
647 3757 729 3803 erit,
761 3766 805 3796 ut
831 3759 961 3797 radius
987 3758 1037 3796 ad
1063 3760 1193 3798 sinum
1216 3773 1308 3798 ano-

272 3805 402 3844 maliae
435 3820 544 3853 verae,
579 3810 633 3847 ita
661 3810 781 3860 dupla
812 3811 1076 3851 excentricitas
1102 3812 1152 3851 ad
1180 3813 1309 3852 sinum

1368 3365 1495 3392 unum
1523 3362 1561 3394 et
1591 3354 1707 3401 idem,
1729 3366 1822 3405 ergo
1847 3355 2013 3406 aequatio
2037 3368 2084 3395 ex
2110 3369 2236 3396 errore
2259 3361 2305 3409 Zp
2324 3336 2411 3427 {o

1367 3447 1459 3479 nata
1477 3448 1533 3479 est
1560 3439 1851 3490 proportionalis
1869 3441 1970 3479 sinui
1990 3442 2224 3493 angulorum
2247 3443 2280 3481 C
2301 3443 2343 3480 D
2361 3441 2408 3489 F,

1366 3502 1405 3531 et
1436 3494 1468 3531 si
1499 3502 1676 3532 sumatur
1706 3494 1837 3532 radius
1869 3494 1910 3532 D
1945 3494 1980 3532 F
2008 3495 2166 3545 aequalis
2200 3496 2408 3546 aequatio'ni

1366 3547 1546 3584 maximae
1564 3548 1656 3585 hinc
1675 3554 1789 3593 natae,
1818 3547 1945 3586 caeteri
1963 3560 2098 3585 omnes
2116 3548 2224 3585 sinus
2240 3550 2406 3600 angulo-

1366 3612 1454 3637 rum
1477 3601 1509 3638 C
1532 3601 1574 3638 D
1592 3600 1626 3638 F
1642 3608 1756 3638 erunt
1773 3601 1867 3650 ipsae
1885 3599 2116 3651 aequationes
2134 3601 2173 3638 in
2194 3600 2286 3640 data
2308 3602 2409 3640 Solis

1366 3652 1570 3699 anomalia,
1599 3653 1631 3690 si
1656 3653 1786 3703 itaque
1807 3660 2009 3691 sumantur
2026 3666 2050 3691 a
2067 3665 2213 3704 puncto
2236 3655 2276 3692 D
2295 3668 2406 3693 arcus

1370 3706 1411 3742 D
1430 3706 1451 3742 f
1463 3706 1505 3743 in
1522 3706 1668 3744 circulo
1689 3707 1724 3744 B
1744 3707 1784 3744 D
1804 3707 1841 3744 A
1861 3705 2027 3757 aequales
2044 3705 2123 3745 inis
2141 3707 2313 3754 sinubus,
2335 3707 2406 3746 erit

1364 3758 1385 3794 f
1407 3771 1519 3797 verus
1544 3758 1652 3797 locus
1677 3759 1798 3796 centri
1826 3759 1968 3796 orbitaev
1985 3758 2144 3807 lunaris,
2174 3769 2213 3799 et
2238 3762 2330 3811 quia
2356 3763 2406 3799 ob

1365 3811 1617 3862 exiguitatem
1635 3813 1776 3850 horum
1803 3810 1961 3851 sinuum
1979 3822 2153 3863 respectu
2173 3815 2268 3853 radii
2292 3816 2325 3854 C
2348 3814 2402 3856 D.
