2540 4296
103 301 608 368 LlnEnTERT1US.]
655 298 1060 354 PRINCIPIA
1099 294 1718 353 MATHEMATICA.
2151 303 2246 350 131

100 451 376 521 superabit.
455 450 666 504 Minore
701 451 861 523 igitur
897 440 1016 502 cum
1052 449 1306 502 diametro
1341 458 1622 518 apparente
1658 447 1776 516 plus
1819 443 1950 497 lucis
1992 444 2248 510 emitten8‚

96 541 260 594 multo
285 541 449 613 magis
475 542 814 594 illustrabitur
839 560 870 593 a
898 540 1035 604 Sole,
1062 541 1284 611 ideoque
1309 541 1407 591 erit
1435 541 1544 592 Soli
1577 538 1743 591 multo
1767 537 1998 607 propior.
2080 536 2252 598 Quin-

98 633 250 684 etiam
276 634 446 701 capita
471 634 565 685 sub
596 632 717 686 Sole
741 630 1107 695 delitescentia,
1137 641 1188 682 et
1213 629 1403 681 caudas
1430 628 1549 681 cum
1574 628 1825 681 maximas
1850 638 1960 679 tum
1979 625 2251 698 fulgentis-

96 726 250 777 simas
276 726 438 778 instar
462 725 688 778 trabium
712 724 993 795 ignitarum
1018 740 1390 793 nonnunquam
1409 721 1709 784 emittentia,
1732 720 1917 772 eodem
1943 730 2250 791 argumento

93 814 225 865 infra
263 815 443 866 orbem
487 813 699 866 Veneris
737 812 981 864 collocari
1017 812 1224 864 debent.
1301 810 1438 862 Nam
1473 810 1566 862 lux
1589 811 1678 862 illa
1703 810 1870 861 omnis
1898 809 1940 861 si
1965 809 2020 860 in
2045 809 2249 861 stellam

94 905 400 976 congregari
438 912 775 972 supponatur,
815 903 984 972 ipsam
1021 904 1281 956 Venerem
1316 920 1383 953 ne
1420 901 1590 953 dicam
1629 902 1861 954 Veneres
1898 902 2078 970 plures
2124 920 2247 953 eon-

86 994 291 1063 junctas
317 992 628 1063 quandoque
655 1002 937 1060 superaret.

163 1084 313 1136 Idem
348 1084 570 1154 denique
607 1084 868 1155 colligitur
905 1102 972 1135 ex
1007 1083 1124 1135 luce
1160 1083 1388 1151 capitum
1426 1090 1689 1133 crescente
1725 1080 1781 1132 in
1824 1100 2032 1133 recessu
2074 1100 2246 1133 come·

89 1183 261 1226 tarum
297 1194 328 1226 a
366 1174 533 1226 Terra
575 1174 750 1227 Solem
787 1171 980 1238 versus,
1021 1192 1081 1225 ac
1118 1172 1447 1225 decrescente
1488 1173 1543 1222 in
1584 1189 1766 1222 eorum
1804 1190 2009 1222 recessu
2048 1191 2077 1222 a
2124 1172 2245 1223 Sole

88 1262 267 1315 versus
314 1264 552 1316 Terram.
655 1264 742 1316 Sic
784 1263 923 1315 enim
973 1271 1175 1315 cometa
1220 1262 1478 1331 posterior
1521 1262 1644 1314 anni
1698 1268 1853 1314 1665.
1917 1261 2245 1330 (observante

93 1341 343 1420 Hevelio)
383 1372 450 1405 ex
489 1372 593 1424 quo
628 1353 858 1421 conspici
895 1353 1068 1422 coepit,
1107 1351 1404 1403 remittebat
1441 1368 1645 1419 semper
1682 1349 1748 1401 de
1783 1358 1931 1400 motu
1965 1369 2059 1401 suo
2086 1369 2245 1420 appa-

87 1459 249 1514 rente,
288 1449 510 1519 ide6que
546 1449 868 1519 praeterierat
903 1449 1222 1519 perigaeum3
1262 1446 1508 1516 splendor
1532 1445 1658 1510 vero
1692 1445 1872 1514 capitis
1907 1445 2245 1496 nihilominus

87 1540 251 1593 indies
290 1539 569 1603 crescebat,
608 1559 772 1610 usque
799 1540 923 1592 dum
950 1549 1151 1592 cometa
1186 1539 1344 1590 radiis
1372 1536 1623 1590 solaribus
1650 1539 1885 1590 obtectus
1911 1537 2062 1589 desiit
2086 1555 2246 1605 appa-

87 1648 219 1682 rere.
301 1630 520 1682 Cometa
561 1630 684 1681 anni
726 1637 880 1682 1683.
919 1630 1247 1699 (observante
1283 1628 1467 1681 eodem
1513 1628 1762 1694 Hevelio)
1804 1629 1858 1679 in
1902 1628 2007 1679 fine
2051 1627 2246 1679 mensis

87 1719 122 1770 J
126 1719 229 1782 ulii,
258 1719 349 1770 ubi
371 1719 598 1788 primum
625 1729 929 1788 conspectus
956 1729 1049 1783 est,
1077 1719 1369 1771 tardissime
1393 1719 1713 1782 movebatur,
1751 1719 1952 1769 minuta
1976 1718 2148 1787 prima
2174 1725 2244 1770 40

87 1813 170 1864 vel
213 1819 279 1865 45
309 1813 512 1864 circiter
549 1812 761 1883 singulis
799 1812 981 1864 diebus
1019 1813 1074 1863 in
1110 1812 1238 1863 orbe
1275 1830 1370 1863 suo
1401 1810 1699 1864 conficiens.
1776 1810 1865 1863 Ex
1906 1828 1968 1861 eo
2011 1820 2247 1878 tempore

86 1913 258 1954 motus
297 1904 406 1972 ejus
444 1902 660 1953 diurnus
695 1900 952 1971 perpetuo
989 1901 1277 1972 augebatur
1302 1918 1465 1970 usque
1488 1899 1556 1951 ad
1586 1900 1729 1968 Sept.
1757 1906 1808 1951 4.
1836 1898 2047 1969 quando
2086 1898 2248 1949 evasit

90 1990 349 2061 graduum
376 1990 521 2060 quasi
542 1990 782 2059 quinque.
860 1989 1028 2060 Igitur
1052 1999 1162 2040 toto
1186 1988 1288 2039 hoc
1326 1997 1560 2056 tempore
1586 1997 1787 2039 cometa
1814 1987 1880 2038 ad
1908 1987 2131 2038 Terram
2157 2005 2249 2055 ap·-

89 2073 489 2148 propinquabat.
566 2077 632 2129 Id
668 2078 808 2148 quod
835 2078 989 2129 etiam
1015 2061 1359 2129 ex'diametro
1386 2076 1566 2145 capitis
1592 2077 1924 2127 micrometro
1948 2073 2246 2126 mensurata

91 2167 379 2237 colligitur:
421 2167 614 2237 quippe
658 2185 814 2236 quam
855 2165 1108 2217 Hevelius
1153 2165 1346 2234 reperit
1386 2166 1525 2235 Aug.
1570 2172 1619 2217 6.
1662 2183 1772 2216 esse
1812 2173 2016 2216 tantum
2061 2165 2127 2216 6'.
2167 2164 2249 2216 5''.

89 2259 287 2310 inclusa
325 2277 488 2322 coma,
529 2268 582 2310 at
620 2259 761 2327 Sept.
802 2264 852 2310 2.
892 2277 1002 2310 esse
1039 2260 1104 2311 9'.
1134 2259 1215 2314 7''.
1293 2257 1469 2327 Caput
1503 2258 1662 2329 igitur
1698 2259 1847 2311 initio
1884 2259 2040 2329 longe
2074 2259 2249 2309 minus

90 2351 327 2418 apparuit
349 2349 505 2420 quam
528 2351 582 2402 in
608 2350 713 2402 fine
737 2360 924 2413 motus,
948 2359 1001 2402 at
1026 2350 1173 2402 initio
1199 2360 1374 2402 tamen
1393 2349 1449 2400 in
1466 2349 1659 2401 vicinia
1685 2350 1820 2402 Solis
1845 2350 2003 2421 longe
2028 2348 2251 2401 lucidius

93 2442 263 2493 extitit
304 2441 460 2512 quam
503 2442 641 2494 circa
683 2442 858 2505 finem,
904 2452 963 2493 ut
1003 2440 1160 2493 refert
1202 2441 1339 2492 idem
1383 2440 1655 2493 Hevelius.
1733 2440 1965 2492 Proinde
2001 2449 2111 2490 toto
2149 2438 2252 2491 hoc

90 2542 341 2602 tempore,
381 2533 450 2584 ob
487 2551 745 2584 recessum
782 2533 942 2601 ipsius
969 2551 1000 2583 a
1028 2531 1165 2595 Sole,
1195 2532 1366 2602 quoad
1390 2532 1568 2584 lumen
1593 2531 1837 2594 decrevit,
1873 2549 1980 2582 non
2014 2530 2253 2582 obstante

91 2639 301 2672 accessu
325 2621 392 2673 ad
420 2621 655 2674 Terram.
723 2620 942 2673 Cometa
960 2621 1084 2673 anni
1111 2628 1264 2673 1618.
1287 2621 1423 2673 circa
1447 2620 1677 2672 medium
1701 2620 1892 2670 mensis
1914 2619 2245 2683 DecembriS,

92 2720 144 2762 et
188 2711 285 2762 iste
324 2710 448 2762 anni
491 2718 643 2763 1680.
684 2711 821 2763 circa
858 2710 1017 2762 finem
1053 2710 1284 2781 ejusdem
1320 2709 1529 2773 mensis,
1577 2709 1845 2761 celerrime
1888 2709 2247 2773 movebantur,

90 2800 312 2870 ideoque
336 2810 460 2852 tunc
485 2811 631 2853 erant
665 2802 719 2852 in
755 2802 1012 2873 perigaeis.
1089 2800 1288 2853 Verum
1314 2801 1560 2871 splendor
1584 2801 1841 2853 maximus
1869 2801 2098 2870 capitum
2125 2819 2248 2852 con-

91 2889 208 2960 tigit
233 2899 352 2941 ante
377 2889 505 2941 duas
531 2889 638 2941 fere
664 2890 989 2958 septimanas,
1028 2890 1120 2942 ubi
1144 2890 1302 2941 modo
1328 2890 1567 2941 exierant
1594 2889 1659 2941 de
1685 2889 1843 2941 radiis
1872 2889 2125 2941 solaribus
2143 2909 2157 2951 3
2198 2899 2249 2941 et

94 2980 337 3049 splendor
360 2982 615 3033 maximus
643 2982 925 3033 caudarum
949 2981 1107 3050 paulo
1133 2990 1268 3044 ante,
1296 2982 1350 3032 in
1369 2982 1565 3050 majore
1583 2981 1843 3033 vicinitate
1869 2979 2021 3032 Solis.
2075 2980 2248 3048 Caput

93 3081 311 3123 cometae
347 3071 552 3140 prioriS,
583 3073 736 3141 juxta
760 3072 1143 3124 observationes
1172 3072 1370 3142 Cysati,
1412 3071 1666 3124 Decemb.
1699 3078 1745 3125 1.
1772 3071 1936 3140 majus
1974 3069 2247 3121 videbatur

94 3161 250 3213 stellis
292 3162 476 3230 primae
520 3163 907 3234 magnitudinis,
951 3172 1002 3216 et
1045 3162 1299 3216 Decemb.
1343 3169 1424 3215 16.
1468 3163 1598 3232 (jam
1635 3162 1691 3213 in
1726 3163 1956 3233 perigaeo
1995 3161 2243 3228 existens)

93 3252 450 3323 magnitudine
486 3271 689 3321 parum,
730 3252 1005 3321 splendore
1031 3271 1124 3305 seu
1150 3252 1380 3304 claritate
1414 3252 1623 3304 luminis
1661 3251 1944 3322 plurimum
1969 3251 2243 3304 defecerat.

94 3342 212 3394 Jan.
243 3348 291 3397 7.
322 3342 581 3411 Keplerus
608 3342 674 3395 de
700 3343 867 3412 capite
889 3343 1116 3395 incertus
1142 3343 1299 3396 finem
1323 3343 1444 3395 fecit
1468 3343 1790 3396 observandi.
1864 3345 1970 3397 Die
2000 3351 2065 3395 12
2099 3363 2243 3395 men-

96 3504 282 3553 inciperet
299 3503 415 3554 supra
431 3504 667 3544 horizontem
684 3506 865 3556 conspici.
928 3501 1142 3556 Superabat
1193 3504 1384 3544 minorem
1416 3506 1598 3545 coarctari
1634 3514 1673 3546 et
1708 3507 1912 3556 splendore
1943 3507 2060 3558 longe
2093 3507 2240 3546 fortiori

96 3558 216 3609 igitur
245 3559 307 3595 hic
334 3557 514 3607 splendor
539 3558 669 3602 lucem
687 3560 852 3597 nubium
870 3571 993 3610 usque
1010 3560 1060 3598 ad
1078 3572 1140 3597 or-
1189 3559 1274 3610 jam
1291 3558 1440 3597 reddita
1457 3560 1583 3610 magis
1606 3561 1825 3610 conspicua,
1856 3561 2100 3599 Mercurium
2127 3560 2244 3613 longe

97 3618 183 3650 tum
210 3611 320 3657 Solis,
354 3618 394 3649 et
419 3610 642 3650 immediato
671 3611 771 3650 Solis
797 3612 990 3661 splendori
1017 3612 1146 3650 solum
1198 3611 1402 3661 superabit,
1436 3610 1611 3662 adeoque
1644 3614 1717 3651 erit
1747 3614 1828 3652 Soli
1858 3615 2028 3652 vicinior.
2091 3615 2244 3653 Diebus

96 3664 269 3703 cedendo
287 3666 463 3702 vincebat
480 3663 598 3714 longe
612 3665 739 3702 lucem
758 3666 935 3703 omnium
947 3665 1146 3704 stellarum
1203 3670 1265 3703 12·
1287 3672 1325 3703 et
1346 3668 1407 3703 15.
1434 3666 1608 3717 ejusdem
1636 3667 1790 3714 mensis,
1825 3668 1948 3706 cauda
1965 3668 2048 3705 haec
2069 3680 2135 3717 per
2153 3681 2239 3717 spa-

98 3718 347 3768 conjunctim.
407 3718 502 3756 Non
522 3717 755 3764 Mercurius,
781 3731 860 3757 non
880 3719 1030 3766 Venus,
1059 3731 1140 3757 non
1192 3718 1291 3757 tium
1310 3717 1427 3769 longe
1446 3720 1572 3770 majus
1590 3719 1730 3757 diffusa
1749 3721 1926 3769 apparuit
1943 3722 2073 3766 rarior,
2095 3729 2134 3759 et
2151 3721 2242 3759 luce

98 3771 181 3821 ipsa
200 3771 318 3809 Luna
335 3771 377 3808 in
395 3768 504 3809 tanta
532 3769 633 3809 Solis
651 3771 809 3809 orientis
825 3771 1018 3810 vicinitate
1036 3773 1141 3810 cerni
1193 3779 1323 3810 tamen
1342 3770 1440 3810 adeo
1458 3772 1549 3810 forti
1573 3780 1619 3811 ut
1637 3773 1756 3811 stellis
1774 3774 1862 3811 fixis
1879 3775 2038 3812 vixdum
2055 3787 2243 3823 apparen-

100 3823 207 3861 solet.
269 3824 485 3875 Fingamus
513 3823 641 3862 lucem
672 3824 817 3862 hancce
848 3824 1046 3863 dilatatam
1079 3837 1143 3863 co·
1195 3825 1298 3862 tibus
1316 3833 1545 3871 cerneretur,
1558 3833 1598 3863 et
1616 3838 1704 3864 mox
1725 3827 1843 3866 trabis
1861 3829 2005 3866 mirum
2023 3828 2063 3866 in
2079 3829 2241 3866 modum

101 3877 237 3915 arctari
269 3885 308 3915 et
337 3878 379 3915 in
410 3879 542 3916 orbem
576 3877 704 3915 nuclei
736 3878 911 3917 cometici
945 3878 1144 3917 Mercurio
1196 3877 1382 3930 fulgentis
1399 3879 1564 3928 speciem
1584 3879 1767 3919 exhibuit.
