2540 4296
180 237 367 289 LIBER
385 238 684 302 TERTIUS]
740 236 1143 290 PRINCIPIA
1187 234 1806 288 MATHEMATICA.
2233 240 2327 285 181

176 377 332 429 datur
368 397 401 430 a
441 377 716 447 superficie
754 378 937 430 Terrae
974 377 1041 428 ad
1079 377 1405 429 altitudinem
1443 376 1836 429 semi-diametri
1873 376 2025 426 unius
2058 377 2330 438 terrestris,

171 469 338 519 rarior
363 469 429 520 sit
455 468 609 539 quam
634 469 777 538 apud
801 487 896 520 nos
922 468 977 518 in
1003 468 1201 520 ratione
1227 466 1384 539 longe
1408 468 1607 535 majori,
1637 485 1793 536 quam
1820 466 1971 535 spatii
1995 466 2164 517 omnis
2200 466 2335 517 infra

171 559 354 610 orbem
396 559 608 613 Saturni
643 559 711 611 ad
747 558 962 630 globum
1001 557 1254 609 diametro
1291 556 1441 627 digiti
1477 556 1629 607 unius
1667 556 2002 623 descriptum.
2097 554 2332 623 Ideoque

170 651 359 720 globus
386 652 518 703 aeris
538 651 703 703 nostri
718 650 941 720 digitum
956 668 1120 702 unum
1145 650 1295 712 latus,
1323 648 1382 700 ea
1404 667 1523 701 cum
1541 648 1751 700 raritate
1777 667 1932 719 quam
1950 647 2166 698 haberet
2185 647 2239 696 in
2257 646 2332 696 al-

166 739 388 791 titudine
408 739 797 792 semi-diametri
815 739 969 790 unius
990 740 1262 802 terrestris,
1284 737 1526 808 impleret
1540 756 1721 790 omnes
1744 738 2072 807 planetarum
2089 737 2329 807 regiones

168 848 334 901 usque
360 832 428 883 ad
454 831 714 900 sphaeram
744 831 955 883 Saturni
979 844 1030 883 et
1054 830 1209 902 longe
1235 828 1386 882 ultra.
1463 829 1694 882 Proinde
1720 827 1840 883 cum
1865 832 1954 881 a‘e'r
1980 829 2151 880 adhuc
2176 828 2330 878 altior

167 920 222 969 in
260 920 570 972 immensum
607 916 853 984 rarescat,
893 931 945 972 et
973 939 1122 972 coma
1147 939 1239 972 seu
1264 919 1613 989 atmosphaera
1638 928 1870 981 cometae,
1906 917 2236 970 ascendendo
2261 916 2327 967 ab

167 1010 304 1062 illius
330 1020 525 1074 centro,
555 1012 702 1081 quasi
728 1011 952 1080 decuplo
980 1012 1132 1064 altior
1156 1012 1223 1065 sit
1242 1010 1398 1082 quam
1418 1010 1717 1080 superficies
1742 1011 1931 1073 nuclei,
1953 1010 2142 1061 deinde
2162 1009 2328 1061 cauda

172 1099 347 1150 adhuc
386 1099 538 1151 altius
577 1101 839 1164 ascendat,
880 1101 1100 1153 debebit
1129 1101 1296 1155 cauda
1325 1120 1436 1157 esse
1461 1100 1617 1171 quam
1642 1101 1918 1153 rarissima.
1995 1100 2067 1151 Et
2092 1100 2326 1170 quamvis

164 1189 233 1240 ob
282 1188 438 1260 longe
483 1190 787 1241 crassiorem
827 1199 1148 1242 cometarum
1186 1190 1603 1259 atmosphaeram,
1654 1208 2002 1261 magnamque
2043 1207 2325 1257 corporum

163 1279 766 1350 gravitationem-Solem
789 1298 984 1344 versuS,
1022 1290 1073 1333 et
1104 1281 1500 1352 gravitationem
1539 1279 1912 1349 particularum
1936 1278 2067 1330 ae'ris
2093 1288 2144 1330 et
2168 1297 2326 1346 vapo-

164 1390 281 1422 rum
305 1372 361 1422 in
385 1391 441 1423 se
465 1370 665 1435 mutuo,
693 1371 808 1424 fieri
831 1374 997 1441 possit
1021 1383 1080 1426 ut
1105 1376 1194 1426 a’e'r
1218 1374 1272 1425 in
1298 1374 1474 1443 spatiis
1502 1373 1796 1426 coelestibus
1822 1372 1981 1442 inque
2006 1382 2325 1424 cometarum

165 1459 345 1511 caudis
395 1478 504 1512 non
554 1459 686 1512 adeo
749 1472 1007 1525 rarescat3
1070 1463 1414 1534 perexiguam
1475 1472 1652 1515 tamen
1704 1463 2042 1532 quantitatem
2093 1462 2225 1514 a'eris
2277 1473 2328 1512 et

161 1569 418 1619 vaporum
456 1551 525 1603 ad
562 1552 737 1604 omnia
772 1553 862 1604 illa
898 1553 1183 1605 caudarum
1217 1553 1565 1623 phaenomena
1603 1550 1807 1604 abunde
1832 1552 2083 1614 sufficere,
2125 1570 2191 1603 ex
2228 1550 2324 1601 hac

160 1644 549 1712 computatione
572 1645 908 1715 perspicuum
944 1654 1036 1697 est.
1114 1644 1254 1697 Nam
1279 1654 1332 1697 et
1356 1644 1640 1696 caudarum
1664 1642 1881 1713 insignis
1915 1642 2099 1692 raritas
2127 1641 2326 1711 colligi-

160 1745 249 1786 tur
285 1754 353 1788 ex
390 1735 676 1806 astris-per
712 1755 797 1789 eas
836 1736 1285 1790 translucentibus,
1361 1735 1731 1805 Atmosphaera
1755 1734 2012 1787 terrestris
2043 1734 2160 1786 luce
2190 1734 2324 1787 Solis

161 1825 457 1893 splendens,
487 1826 829 1880 crassitudine
854 1826 947 1879 sua
972 1845 1260 1896 paucorum
1284 1826 1598 1889 milliarium,
1627 1834 1680 1877 et
1704 1835 1841 1876 astra
1867 1823 2044 1875 omnia
2069 1833 2122 1875 et
2158 1823 2325 1892 ipsam

161 1915 370 1966 Lunam
414 1916 658 1969 obscurat
701 1927 753 1970 et
792 1918 1049 1989 extinguit
1090 1919 1327 1987 penitus:
1383 1936 1480 1987 per
1522 1918 1830 1969 immensam
1871 1915 1995 1968 vero
2041 1916 2324 1967 caudarum

160 2005 578 2070 crassitudinem,
618 2006 734 2058 luce
768 2007 964 2076 pariter
1002 2007 1158 2059 solari
1181 2007 1504 2071 illustratam,
1545 2017 1683 2059 astra
1707 2006 1922 2057 minima
1947 2006 2055 2057 sine
2081 2005 2324 2057 claritatis

157 2097 471 2151 detrimento
509 2098 830 2150 translucere
871 2109 1177 2151 noscuntur.
1277 2099 1466 2169 Neque
1508 2100 1674 2167 major
1713 2116 1825 2149 esse
1867 2096 1999 2148 solet
2038 2096 2323 2148 caudarum

155 2186 503 2255 plurimarum
541 2186 804 2255 splendor,
846 2184 1003 2258 quam
1029 2188 1162 2239 aeris
1187 2188 1354 2240 nostri
1389 2187 1446 2238 in
1471 2187 1748 2239 tenebroso
1773 2186 2013 2238 cubiculo
2048 2185 2321 2237 latitudine

155 2277 305 2349 digiti
331 2278 485 2330 unius
511 2277 799 2331 duorumve
824 2278 994 2331 lucem
1024 2279 1161 2332 Solis
1186 2280 1239 2331 in
1258 2280 1446 2349 jubare
1472 2279 1798 2331 reflectentis.

232 2367 357 2430 Quo
399 2367 648 2437 temporis
694 2369 861 2437 spatio
902 2387 1066 2437 vapor
1108 2388 1139 2420 a
1182 2369 1349 2437 capite
1391 2368 1457 2420 ad
1506 2369 1788 2420 terminum
1838 2367 2019 2420 caudae
2069 2367 2316 2430 ascendit,

156 2460 221 2526 (⁶¹)
258 2459 504 2531 cognosci
540 2457 648 2512 fere
684 2470 858 2529 potest
894 2459 1133 2512 ducendo
1169 2470 1363 2511 rectam
1401 2479 1432 2510 a
1468 2460 1690 2510 termino
1727 2459 1907 2511 caudae
1935 2460 2001 2510 ad
2032 2459 2224 2521 Solem,
2266 2467 2318 2509 et

151 2602 270 2653 quare
288 2604 427 2654 globus
444 2602 543 2657 aeris
561 2603 681 2642 nostri
705 2603 872 2655 digitum
891 2616 1019 2642 unum
1037 2603 1139 2642 latus
1156 2601 1203 2641 ea
1256 2603 1540 2653 propressivum
1565 2616 1682 2654 quem
1711 2602 1800 2641 ante
1828 2616 2029 2641 ascensum
2050 2616 2167 2643 suum
2194 2604 2312 2641 habe-

150 2669 242 2694 cum
274 2657 427 2695 raritate
457 2669 576 2708 quam
607 2658 765 2695 haberet
791 2657 833 2694 in
859 2657 1064 2695 altitudine
1088 2657 1202 2695 semi·
1255 2660 1334 2702 bat,
1364 2658 1573 2705 componit.
1636 2656 1712 2695 Sed
1740 2669 1809 2705 per
1829 2657 1952 2694 varias
1969 2657 2172 2694 methodos
2191 2655 2310 2705 paulo

150 2710 327 2748 diametri
353 2710 472 2748 unius
497 2711 692 2755 terrestris,
721 2710 898 2760 impleret
915 2723 1051 2748 omnes
1069 2711 1202 2760 plane-
1255 2709 1346 2749 ante
1364 2710 1571 2760 explicatas
1585 2710 1748 2748 inveniri
1761 2717 1886 2759 potest
1899 2717 2053 2760 tempus
2066 2723 2145 2761 quo
2159 2718 2311 2750 cometa

149 2772 278 2801 tarum
304 2764 481 2814 regiones
501 2776 621 2815 usque
647 2763 697 2803 ad
716 2765 904 2814 sphaeram
930 2764 1087 2803 Saturni
1106 2771 1145 2803 et

149 2816 266 2868 louge
288 2816 398 2856 ultra.

204 2923 257 2975 (ὁ)
284 2928 369 2964 169.
400 2928 420 2951 ³*
445 2928 624 2976 cognosci
634 2925 727 2980 ser&
743 2933 881 2977 potest.
938 2926 1100 2965 Referat
1121 2926 1149 2966 S

152 2977 297 3024 Solem,
323 2979 361 3016 A
382 2979 420 3017 Β
439 2979 667 3030 trajectoriae
691 2980 888 3024 cometicae
914 2980 1143 3030 portionem.
1182 2990 1183 2993 ’

152 3030 212 3068 Sit
233 3032 273 3069 N
292 3040 454 3070 cometae
472 3033 636 3070 nucleus
654 3035 704 3071 ab
726 3034 764 3072 A
784 3046 914 3072 versus
936 3034 971 3071 B
990 3046 1147 3085 progre-

148 3083 271 3130 diens,
305 3085 338 3123 C
366 3085 554 3123 terminus
580 3085 727 3124 caudae.
788 3087 970 3125 Ducatur
995 3096 1099 3125 recta
1125 3100 1149 3124 a

147 3137 313 3176 termino
332 3138 399 3176 illo
420 3140 452 3176 C
472 3139 522 3177 ad
537 3139 680 3185 Solem,
695 3147 888 3189 punctum
905 3139 943 3186 d,
958 3140 1027 3178 ubi
1045 3148 1149 3178 recta

147 3192 401 3242 trajectoriam
420 3200 533 3238 secat,
549 3191 765 3243 designabit
782 3192 914 3232 locum
928 3206 974 3231 ex
989 3206 1068 3243 quo
1081 3206 1147 3231 va-

147 3256 219 3293 por
235 3245 277 3281 in
296 3246 461 3283 termino
479 3245 614 3284 caudae
628 3246 832 3284 ascendere
845 3247 959 3296 coepit
972 3259 996 3284 a
1009 3247 1145 3295 capite,

148 3297 180 3334 si
200 3311 317 3347 vapor
336 3299 402 3337 ille
419 3298 525 3337 recta
543 3299 722 3337 ascendat
740 3313 763 3337 a
785 3300 893 3338 Sole:
948 3300 1056 3344 Quia
1075 3313 1146 3338 au-

148 3358 227 3388 tem
245 3364 362 3400 vapor
380 3365 459 3395 non
477 3351 581 3390 recta
599 3353 804 3390 ascendita
820 3353 921 3400 Sole,
937 3353 1005 3391 sed
1023 3354 1147 3404 vergit

148 3416 279 3442 versus
297 3414 423 3453 partes
454 3406 506 3452 A,
534 3418 629 3456 quas
648 3414 798 3445 cometa
822 3407 979 3456 reliquit
1007 3406 1143 3459 (164.)

148 3465 287 3508 agatur
304 3467 408 3497 recta
429 3460 456 3498 S
469 3459 519 3504 E,
540 3458 723 3508 parallela
741 3459 975 3510 longitudini
993 3459 1141 3505 caudae,

147 3511 209 3548 vel
236 3511 365 3559 potius
397 3514 465 3564 (ob
484 3520 634 3549 motum
670 3512 926 3551 curvilineum
958 3512 1138 3562 cometae)

147 3571 251 3602 recta
268 3564 335 3602 illa
352 3579 377 3602 a
394 3563 498 3603 linea
515 3565 649 3603 caudae
667 3564 852 3616 divergat,
873 3574 987 3616 atque
1005 3566 1143 3617 trajec-
1160 3582 1166 3588 ·

147 3617 283 3654 toriatn
312 3626 472 3655 cometae
498 3617 638 3656 alicubi
667 3618 879 3664 intersecet,
908 3618 1006 3667 puta
1023 3620 1065 3656 in
1086 3619 1143 3666 D,

147 3683 265 3719 vapor
282 3673 349 3721 qui
375 3683 480 3709 nunc
497 3671 709 3710 terminum
725 3671 861 3721 caudae
880 3672 1092 3719 constituit,
1122 3685 1146 3710 a

148 3724 288 3762 nucleo
317 3724 667 3773 coepit-ascendere
694 3724 789 3762 dum
817 3733 968 3773 cometa
993 3725 1036 3762 in
1062 3726 1198 3775 trajec-
1251 3726 1383 3767 locum
1423 3730 1466 3768 D
1503 3730 1714 3781 occupavit,
1754 3738 1793 3782 et
1829 3738 1953 3780 potest
1985 3730 2136 3768 definiri
2164 3739 2311 3781 quanto

147 3776 256 3813 toriae
282 3791 363 3815 suae
389 3778 475 3816 loco
507 3779 548 3815 D
576 3780 819 3825 versabatur3
857 3778 920 3816 hic
949 3778 1057 3817 enim
1081 3790 1199 3828 vapor
1252 3783 1435 3831 temporis
1465 3785 1590 3833 spatio
1622 3797 1722 3832 opus
1751 3784 1799 3822 sit
1834 3793 1877 3821 ut
1904 3793 2054 3822 cometa
2082 3785 2308 3835 trajectoriae

148 3840 241 3867 cum
282 3839 392 3871 motu
428 3830 606 3870 ascensus
642 3837 666 3870 a
705 3832 805 3880 Sole,
846 3840 997 3871 motum
1035 3840 1197 3871 cometae
1252 3836 1467 3885 portionem
1503 3838 1540 3875 D
1572 3839 1624 3885 N,
1656 3838 1899 3890 longitudine
1928 3838 2068 3883 datam,
2098 3845 2307 3888 percurrat,
