2540 4296
93 318 279 371 Lmen
305 317 603 380 Tamna]
655 310 1054 367 PRINCIPIA
1097 307 1714 362 MATHEMATICA.
2145 314 2238 357 111

99 467 357 519 1.017522
378 461 425 513 L
451 469 503 522 -Ι-
530 464 831 516 0.7986355
854 456 891 510 S
909 456 976 508 ad
996 459 1297 509 0.9830427
1333 467 1374 508 Χ
1409 457 1710 509 0.8570327
1735 451 1861 504 L—
1881 455 2184 505 0.7986355
2210 451 2248 502 S

95 561 151 604 ut
178 559 208 603 9
235 550 301 600 ad
329 556 377 601 5.
457 549 527 600 Et
566 548 707 602 sad
746 546 795 598 L
830 553 889 596 ut
932 551 954 595 1
1002 544 1068 596 ad
1105 548 1318 595 4.4815.
1394 542 1578 612 Itaque
1622 541 1740 594 cum
1779 540 1854 592 vis
1903 539 2036 592 Solis
2075 540 2140 591 sit
2180 539 2248 591 ad

91 642 197 693 vim
220 640 487 712 gravitatis
510 650 567 692 ut
596 646 618 691 1
651 638 1046 701 ad-12868200‚
1076 635 1152 689 vis
1179 633 1350 687 Lunae
1374 633 1474 686 erit
1498 632 1566 685 ad
1592 634 1694 685 vim
1720 630 1985 704 gravitatis
2011 640 2069 683 ut
2111 638 2133 683 l
2180 631 2248 682 ad

91 737 357 788 2871400.

165 824 327 876 Corol.
359 830 405 875 1.
481 819 618 873 cum
658 830 792 890 aqua
834 821 887 872 vi
933 807 1067 873 Solis
1107 808 1299 891 agitata
1335 815 1581 869 ascendat
1623 816 1689 868 ad
1735 814 2061 868 altitudinem
2097 813 2245 882 pedis

89 911 241 962 unius
282 919 332 962 et
374 908 615 961 undecim
643 908 927 980 digitorum
953 928 1071 961 cum
1095 905 1352 961 tricesima
1377 914 1526 974 parte
1550 904 1717 975 digiti,
1764 902 1946 956 eadem
1985 904 2036 954 vi
2078 903 2246 955 Lunae

87 996 331 1049 ascendet
365 997 433 1049 ad
469 996 793 1048 altitudinem
819 1006 938 1048 octo
963 997 1156 1066 pedum
1196 1005 1249 1048 et
1290 994 1575 1066 digitorum
1614 993 1697 1063 ἐξ,
1745 1001 1797 1044 et
1831 993 1882 1044 vi
1922 992 2142 1062 utraque
2182 994 2249 1045 ad

87 1084 410 1136 altitudinem
435 1085 632 1153 pedum
668 1085 846 1137 decem
886 1104 1004 1137 cum
1032 1084 1258 1148 semisse,
1304 1092 1356 1135 et
1392 1082 1483 1134 ubi
1523 1080 1679 1134 Luna
1702 1090 1780 1132 est
1807 1081 1860 1133 in
1885 1082 2137 1152 perigaeO,
2182 1084 2249 1135 ad

85 1173 408 1226 altitudinem
433 1174 629 1243 pedum
659 1174 936 1226 duodecim
971 1191 1094 1240 cum
1128 1172 1337 1225 semisse
1374 1181 1427 1223 et
1461 1171 1614 1233 ultra,
1653 1170 1946 1239 praesertim
1973 1171 2064 1221 ubi
2091 1179 2249 1222 aestus

84 1263 249 1313 ventis
288 1263 602 1331 spirantibus
628 1263 915 1332 adjuvatur.
992 1258 1165 1316 Tanta
1209 1269 1384 1313 autem
1426 1260 1502 1311 vis
1546 1260 1614 1312 ad
1657 1278 1836 1311 omnes
1880 1260 2039 1311 maris
2075 1270 2249 1313 motus

83 1351 384 1402 excitandos
411 1349 616 1402 abunde
641 1350 843 1413 sufficit,
885 1359 936 1401 et
972 1350 1245 1420 quantitati
1271 1359 1507 1400 motuum
1531 1347 1695 1417 probe
1733 1348 2029 1416 respondet.
2108 1349 2250 1401 Nam

81 1441 137 1492 in
160 1442 388 1493 maribus
415 1458 531 1510 quae
558 1441 624 1492 ab
650 1440 848 1492 oriente
873 1441 927 1491 in
954 1442 1277 1492 occidentem
1302 1439 1404 1491 late
1430 1450 1625 1509 patent,
1655 1440 1730 1491 uti
1751 1440 1804 1490 in
1829 1439 1972 1492 Mari
1999 1440 2247 1505 Pacifico,

80 1542 132 1584 et
173 1532 338 1584 Maris
367 1533 616 1585 Atlantici
655 1543 706 1584 et
732 1532 1022 1602 AEthiopici
1047 1533 1282 1601 partibus
1309 1542 1457 1584 extra
1481 1532 1724 1600 tropiCOS‚
1758 1550 1892 1602 aqua
1917 1532 2082 1583 attolli
2121 1533 2249 1584 solet

78 1620 146 1672 ad
191 1621 515 1673 altitudinem
539 1622 734 1690 pedum
782 1640 889 1685 sex,
935 1640 1139 1685 novem,
1169 1621 1448 1673 duodecim
1484 1620 1568 1672 vel
1604 1621 1918 1690 quindecim.
1998 1622 2059 1674 In
2105 1622 2247 1674 Mari

2 1709 11 1760 ἰ
79 1721 254 1763 autem
283 1712 526 1775 Pacifico,
568 1712 708 1782 quod
733 1711 1042 1781 profundius
1081 1723 1158 1764 est
1194 1721 1246 1763 et
1282 1712 1434 1763 latius
1470 1720 1630 1781 patet,
1672 1723 1829 1763 aestus
1855 1712 2100 1765 dicuntur
2139 1733 2249 1766 esse

0 1818 24 1860 5v
79 1804 300 1872 majores
328 1801 484 1873 quam
510 1804 563 1854 in
591 1803 857 1855 Atlantico
883 1814 934 1855 et
960 1803 1281 1872 AEthiopico.
1361 1804 1571 1856 Etenim
1600 1802 1653 1872 (i)
1682 1814 1740 1856 ut
1764 1803 1953 1873 plenus
1979 1805 2045 1856 sit
2071 1814 2244 1867 aestUS,

77 1890 300 1943 latitudo
325 1891 483 1943 maris
521 1891 587 1943 ab
624 1881 822 1943 oriente
847 1892 899 1942 in
925 1893 1247 1944 occidentem
1283 1910 1390 1944 non
1427 1894 1599 1945 minor
1626 1912 1738 1945 esse
1764 1893 1918 1947 debet
1945 1892 2102 1965 quim
2126 1914 2247 1965 gra-

77 1980 240 2034 duum
266 1981 567 2052 nonaginta.
622 1981 686 2032 In
715 1981 858 2032 Mari
880 1980 1187 2050 AEthiopico
1213 1999 1454 2033 ascensus
1481 2000 1631 2051 aquae
1656 1982 1794 2033 intra
1819 1983 2049 2052 tropicos
2075 1983 2248 2033 minor

0 2053 12 2107 s
75 2079 154 2121 est
192 2068 348 2139 quam
385 2070 439 2120 in
478 2068 619 2119 zonis
646 2070 962 2137 temperatis,
1003 2080 1220 2139 propter
1246 2071 1536 2142 angustiam
1563 2071 1721 2122 maris
1761 2071 1897 2123 inter
1922 2072 2158 2123 Africam
2196 2082 2247 2123 et

76 2157 353 2209 australem
377 2152 580 2225 partem
615 2157 892 2209 Americae.
971 2158 1039 2210 In
1072 2159 1246 2210 medio
1272 2160 1405 2211 mari
1430 2179 1566 2230 aqua
1601 2160 1783 2229 nequit
1808 2161 2106 2224 ascendere,
2146 2160 2245 2213 nisi

74 2249 142 2300 ad
167 2249 309 2300 littus
336 2258 613 2318 utrumque
640 2258 692 2300 et
717 2248 965 2301 orientale
992 2240 1044 2301 et
1068 2250 1388 2302 occidentale
1409 2251 1562 2302 simul
1581 2251 1863 2303 descendat
1883 2270 1895 2302 ε
1925 2250 2045 2302 cum
2068 2262 2243 2303 tamen

73 2340 268 2392 vicibus
317 2341 527 2393 alternis
570 2342 638 2393 ad
680 2342 854 2393 littora
896 2341 984 2392 illa
1028 2342 1083 2392 in
1132 2343 1361 2394 maribus
1406 2343 1596 2394 nostris
1647 2343 1879 2413 angustis
1925 2343 2242 2395 descendere

73 2427 272 2480 debeat.
338 2429 417 2482 Ea
444 2429 510 2481 de
536 2431 688 2482 causa
713 2431 886 2482 fluxus
914 2442 965 2482 et
989 2432 1219 2484 refluxus
1246 2433 1301 2483 in
1325 2433 1522 2496 insulis,
1562 2452 1679 2504 quae
1705 2452 1736 2484 a
1760 2432 2020 2484 littoribus
2046 2434 2242 2503 longis-

74 2517 201 2570 sime
239 2520 441 2582 absunt,
480 2520 795 2591 perexiguus
833 2538 943 2572 esse
981 2520 1137 2572 solet·
1205 2521 1270 2573 In
1307 2522 1566 2590 portubus
1609 2521 1936 2591 quibusdam,
1981 2522 2071 2573 ubi
2108 2541 2240 2592 aqua

72 2623 192 2656 cum
220 2605 416 2674 impetu
453 2625 646 2678 magno
671 2626 766 2677 per
802 2607 916 2659 loca
944 2607 1155 2672 vadosa,
1197 2607 1264 2660 ad
1303 2609 1445 2661 sinus
1483 2609 1694 2660 alternis
1721 2609 1920 2660 vicibus
1946 2609 2239 2678 implendos

73 2703 124 2745 et
161 2694 501 2758 evacuandOS,
541 2696 758 2748 influere
786 2707 837 2748 et
861 2697 1071 2750 effluere
1096 2698 1317 2768 cogitur,
1357 2698 1532 2750 fluxus
1559 2708 1611 2750 et
1637 2699 1868 2750 refluxus
1896 2698 2090 2751 debent
2127 2719 2239 2752 esse

74 2784 226 2836 solito
250 2787 491 2855 majores,
532 2787 607 2839 uti
644 2787 711 2839 ad
752 2788 1093 2858 Plymuthum
1133 2800 1184 2841 et
1225 2799 1440 2859 pontem
1469 2790 1797 2860 Chepstowae
1823 2791 1878 2842 in
1905 2791 2131 2860 Anglia3
2171 2791 2238 2844 ad

72 2884 274 2927 montes
327 2877 379 2929 S.
425 2876 703 2930 Micha‘e'lis
754 2888 806 2930 et
854 2880 1037 2931 urbem
1083 2880 1528 2934 Abrincatuorum
1578 2881 1758 2952 (vulgo
1812 2880 2136 2947 Avranches)
2181 2882 2235 2933 in

73 2961 418 3026 Normannia3
446 2966 513 3017 ad
537 2967 840 3019 Cambaiam
866 2977 916 3020 et
945 2968 1092 3040 Pegu
1116 2969 1171 3020 in
1199 2969 1352 3021 India
1375 2970 1647 3022 Orientali.
1702 2970 1809 3022 His
1837 2970 1890 3021 in
1917 2970 2044 3022 locis
2071 2989 2232 3035 mare,

70 3054 259 3126 magna
286 3075 404 3108 cum
428 3058 697 3110 velocitate
734 3059 1030 3112 accedendo
1057 3070 1107 3112 et
1131 3061 1441 3124 recedendO,
1483 3060 1658 3112 littora
1683 3079 1824 3112 nunc
1850 3060 2070 3113 inundat
2094 3080 2235 3113 nunc

71 3143 216 3195 arida
240 3144 483 3215 relinquit
507 3146 575 3197 ad
599 3147 761 3199 multa
798 3148 1053 3200 milliaria.
1130 3148 1317 3218 Neque
1341 3149 1564 3218 impetus
1590 3148 1841 3202 influendi
1879 3159 1931 3201 et
1967 3150 2234 3202 remeandi

69 3231 212 3300 prius
238 3231 407 3303 frangi
419 3243 617 3302 potest,
658 3233 814 3304 quam
839 3254 973 3306 aqua
997 3236 1249 3287 attollitur
1285 3236 1366 3287 vel
1390 3236 1698 3306 deprimitur
1723 3237 1791 3289 ad
1815 3237 1975 3307 pedes
2015 3246 2101 3301 30,
2142 3246 2229 3303 40,

8 3373 12 3379 ,
71 3321 151 3372 vel
178 3329 245 3374 50
272 3332 323 3374 et
348 3324 584 3392 amplius,
662 3321 732 3375 Et
756 3343 852 3393 par
878 3335 955 3376 est
992 3326 1124 3376 ratio
1149 3325 1397 3377 fretorum
1426 3326 1774 3398 oblongorum
1811 3337 1862 3379 et
1898 3327 2229 3391 vadosorum,

71 3412 148 3463 uti
187 3412 523 3484 Magellanici
567 3425 619 3467 et
660 3416 770 3484 ejus
814 3435 918 3485 quo
961 3416 1155 3486 Anglia
1197 3417 1544 3469 circundatum
1622 3418 1805 3471 AEstus
1839 3419 1894 3469 in
1931 3418 2233 3488 hujusmodi

70 3502 325 3571 portubus
351 3514 403 3555 et
426 3503 569 3556 fretis
593 3523 689 3574 per
714 3506 966 3574 impetum
1004 3524 1183 3558 cursus
1210 3517 1260 3559 et
1284 3525 1524 3560 recursus
1551 3526 1709 3577 supra
1744 3508 1961 3560 modum
1992 3519 2229 3579 augetur.

72 3591 162 3643 Ad
186 3591 360 3644 littora
383 3592 507 3645 vero
534 3613 651 3664 quae
679 3594 933 3647 descensu
957 3596 1214 3665 praecipiti
1258 3597 1324 3648 ad
1368 3615 1512 3649 mare
1538 3598 1858 3666 profundum
1901 3609 1952 3651 et
1994 3610 2230 3668 apertum

72 3737 163 3776 Jam
178 3738 266 3778 vero
285 3739 447 3788 sumptis
465 3740 649 3778 horumce
667 3753 917 3779 numerorum
938 3741 1119 3792 legarith-
1177 3741 1337 3792 garibus
1355 3743 1677 3794 logarithmorum
1697 3744 1851 3792 tabulis,
1868 3745 1997 3795 prodit
2019 3746 2045 3785 S
2064 3745 2112 3785 ad
2134 3745 2170 3785 L
2185 3754 2231 3785 ut

72 3790 157 3837 mis,
187 3799 226 3832 et
251 3793 422 3844 quaesitis
440 3793 757 3843 respondentibus
779 3794 951 3833 numeris
975 3794 1016 3832 in
1035 3795 1119 3834 vul·
1180 3800 1196 3833 1
1222 3795 1271 3833 ad
1290 3800 1439 3835 4.4815
1458 3797 1763 3846 quamproxime.

1231 3849 1281 3901 (ἰ)
1306 3853 1326 3874 ’
1355 3853 1407 3891 Ut
1419 3853 1559 3902 plenus
1577 3853 1625 3890 sit
1643 3860 1771 3891 cestus·
1830 3852 1963 3904 (109.)

1103 3917 1148 3956 1⁷1
1170 3922 1194 3955 3
