2540 4296
246 291 347 337 130
747 282 1313 339 PHILOSOPHIAE
1355 283 1808 339 NATURALIS
1868 283 1987 348 [DE
2008 282 2212 334 Mum).
2236 282 2387 334 SYs'r.

238 427 348 478 nuli
375 430 689 499 conjunctim
714 440 944 499 aequaret
970 430 1139 482 lucem
1163 430 1325 501 globi,
1367 429 1511 499 cujus
1546 428 1796 480 diameter
1820 432 1952 478 esset
1996 428 2095 479 30''
2114 447 2126 479 ε
2166 426 2261 477 erit
2287 425 2391 476 ‹lis-

238 518 399 570 tantia
425 529 642 571 cometae
667 520 734 571 ad
759 520 1055 572 distantiam
1084 521 1294 573 Saturni
1318 530 1376 572 ut
1405 527 1427 570 1
1461 520 1528 571 ad
1565 506 1616 572 V
1650 528 1682 572 4
1709 517 1927 581 inverse,
1956 532 2007 570 et
2037 520 2150 570 12⁹.
2177 518 2244 570 ad
2272 518 2388 570 30⁰.

239 606 451 670 directe,
479 608 533 658 id
560 618 651 670 est,
679 618 737 660 ut
763 615 831 660 24
859 610 927 661 ad
955 618 1022 662 30
1050 628 1141 662 seu
1167 617 1199 662 4·
1227 610 1295 661 ad
1321 616 1370 662 5.
1449 609 1651 661 Rursus
1679 620 1878 660 cometa
1904 608 2026 659 anni
2057 615 2189 661 1665
2216 626 2391 659 mense

238 696 429 765 Aprili,
467 706 526 748 ut
563 707 745 748 auctor
769 707 847 749 est
874 698 1145 762 Hevelius,
1186 698 1418 750 claritate
1443 697 1534 749 sua
1570 716 1705 767 pene
1730 699 1861 749 fixas
1889 716 2067 749 omnes
2095 699 2385 766 superabat,

238 784 518 855 quinetiam
566 784 738 853 ipsum
793 787 1075 838 Saturnum
1124 788 1323 839 ratione
1374 786 1562 839 coloris
1613 786 1850 838 videlicet
1903 784 2059 857 longe
2108 786 2388 838 vividioriS.

240 876 452 944 Quippe
489 876 712 928 lucidior
748 886 859 928 erat
893 878 980 930 hic
1006 889 1207 930 cometa
1233 878 1396 929 altero
1420 877 1526 940 illo,
1568 877 1657 947 qui
1691 877 1746 928 in
1771 877 1876 928 fine
1901 877 2023 928 anni
2047 876 2390 946 praecedentis

236 976 562 1034 apparuerat,
604 977 654 1018 et
692 985 811 1018 cum
850 968 1008 1019 stellis
1051 968 1235 1037 primae
1276 966 1646 1038 magnitudinis
1691 966 2064 1018 conferebatur.
2141 964 2392 1017 Latitudo

236 1054 470 1122 capillitii
508 1064 618 1105 erat
648 1056 799 1125 >quasi
841 1057 907 1108 6'.
946 1066 999 1107 at
1035 1056 1248 1107 nucleus
1286 1073 1406 1107 cum
1441 1054 1662 1124 planetis
1698 1072 1798 1123 ope
1832 1054 1944 1106 tubi
1979 1054 2138 1123 optici
2174 1054 2390 1105 collatus

239 1144 395 1213 plane
429 1145 601 1195 minor
639 1155 748 1196 erat
782 1144 931 1208 Jove,
973 1155 1024 1197 et
1058 1163 1199 1196 nunc
1222 1147 1394 1197 minor
1420 1163 1638 1213 corpore
1663 1144 1971 1199 intermedio
2000 1145 2225 1208 Saturni,
2252 1164 2393 1196 nunc

235 1234 335 1301 ipsi
361 1233 573 1303 aequalis
603 1234 952 1303 judicabatur.
1030 1233 1197 1286 Porro
1235 1234 1354 1287 cum
1391 1235 1641 1287 diameter
1668 1234 1900 1303 capillitii
1926 1244 2240 1287 cometarum
2273 1234 2392 1286 raro

236 1333 446 1391 superet
485 1322 548 1374 8'.
590 1322 672 1374 vel
714 1323 814 1384 12',
855 1322 1106 1375 diameter
1140 1322 1265 1375 vero
1300 1324 1487 1387 nuclei,
1528 1343 1619 1375 seu
1656 1324 1818 1375 stellae
1859 1324 2098 1375 centralis
2146 1324 2211 1375 sit
2250 1324 2395 1394 quasi

236 1414 437 1465 decima
470 1414 550 1465 vel
586 1414 718 1465 forte
755 1414 956 1466 decima
981 1416 1162 1485 quinta
1183 1434 1306 1484 pars
1333 1415 1571 1467 diametri
1596 1415 1845 1484 capillitii,
1873 1424 2016 1484 patet
2040 1414 2213 1466 stellas
2238 1414 2395 1467 hasce

235 1512 295 1554 ut
318 1501 604 1571 plurimum
642 1503 873 1572 ejusdem
899 1524 1009 1557 esse
1036 1504 1330 1573 apparentis
1358 1503 1728 1575 magnitudinis
1767 1522 1886 1554 cum
1921 1504 2157 1571 planetis.
2236 1503 2395 1556 Unde

237 1591 357 1644 cum
393 1594 483 1644 lux
523 1612 702 1645 earum
742 1613 862 1646 cum
898 1596 1014 1646 luce
1056 1596 1267 1648 Saturni
1303 1614 1411 1647 non
1439 1594 1558 1646 raro
1584 1594 1806 1646 conferri
1842 1595 2022 1664 possit,
2063 1613 2278 1665 eamque
2302 1596 2395 1646 ali-

238 1684 450 1754 quando
491 1695 714 1753 superet,
757 1686 1089 1739 manifestum
1133 1696 1224 1749 est,
1264 1688 1402 1758 quod
1446 1697 1662 1739 cometae
1696 1706 1874 1739 omnes
1918 1687 1973 1738 in
2015 1687 2277 1756 periheliis
2312 1687 2396 1738 vel

236 1774 370 1826 infra
399 1777 682 1828 Saturnum
708 1777 1000 1833 collocandi
1038 1779 1154 1841 sint,
1193 1779 1276 1830 vel
1311 1797 1419 1830 non
1454 1777 1611 1849 longe
1637 1778 1808 1847 supra.
1887 1778 2081 1830 Errant
2104 1778 2262 1850 igitur
2286 1787 2396 1829 toto

238 1865 388 1929 coe10,
417 1867 507 1935 qui
533 1876 759 1919 cometas
784 1868 839 1918 in
864 1868 1131 1939 regionem
1157 1867 1381 1919 fixarum
1405 1886 1571 1937 prope
1597 1867 1869 1938 ablegant:
1908 1866 2008 1937 qua
2035 1878 2173 1919 certe
2198 1868 2396 1919 ratione

235 1974 343 2008 non
378 1956 543 2026 magis
580 1957 826 2010 illustrari
851 1958 1102 2011 deberent
1114 1977 1157 2010 fa
1185 1958 1306 2011 Sole
1330 1968 1525 2024 nostr0,
1565 1956 1722 2029 quam
1746 1958 1986 2027 planetae,
2024 1959 2114 2028 qui
2147 1958 2232 2010 hic
2257 1968 2393 2022 sunt,

238 2049 566 2102 illustrantur
591 2070 621 2102 a
646 2050 805 2102 stellis
825 2051 962 2103 fixis.

316 2142 456 2194 Haec
494 2141 870 2211 disputavimus
913 2162 1021 2194 non
1062 2142 1441 2195 considerando
1482 2141 1896 2193 obscurationem
1943 2148 2260 2192 cometarum
2303 2157 2399 2209 per

239 2229 443 2281 fumum
480 2231 625 2281 illum
653 2232 879 2283 maxime
908 2233 1177 2301 copiosum
1203 2242 1254 2284 et
1280 2250 1526 2294 crassum,
1556 2250 1660 2301 quo
1686 2240 1841 2299 caput
1867 2230 2213 2292 circundatur,
2255 2230 2400 2299 quasi

241 2336 339 2387 per
362 2319 556 2371 nubem
583 2320 765 2372 obtuse
791 2339 995 2390 semper
1020 2322 1213 2373 lucens.
1279 2321 1417 2372 Nam
1438 2329 1632 2391 quanto
1658 2320 1925 2371 obscurius
1951 2319 2184 2371 redditur
2210 2337 2400 2387 corpus

239 2428 334 2478 per
370 2410 511 2463 hunc
548 2411 764 2476 fumum,
803 2412 950 2465 tanto
986 2414 1203 2483 propius
1240 2413 1307 2464 ad
1347 2413 1523 2465 Solem
1560 2411 1771 2463 accedat
1801 2429 2010 2462 necesse
2036 2419 2128 2473 est,
2168 2419 2226 2460 ut
2252 2409 2402 2477 copia

1451 2500 1584 2552 Inde
1609 2499 1885 2552 verisimile
1910 2499 1970 2550 fit
1995 2507 2220 2551 cometas
2245 2497 2401 2569 longe

2253 2590 2402 2641 Idem

1639 2680 1701 2750 (f)
1745 2682 1854 2733 Hae
1893 2682 1975 2732 vel
2018 2700 2083 2732 ex
2121 2681 2401 2733 reflexione

241 2500 370 2551 lucis
408 2519 438 2551 a
475 2520 529 2553 se
567 2503 775 2553 reflexae
810 2503 1045 2572 planetas
1085 2502 1375 2553 aemuletur.

240 2592 373 2644 infra
410 2594 670 2662 sphaeram
713 2597 925 2646 Saturni
949 2595 1279 2655 descendere,
1316 2593 1392 2642 uti
1430 2611 1496 2641 ex
1531 2592 1786 2659 parallaxi
1825 2591 2172 2659 probavimus.

243 2686 366 2737 vero
412 2705 568 2756 quam
607 2686 833 2737 maxime
876 2686 1213 2738 confirmatur
1256 2703 1323 2736 ex
1368 2682 1561 2735 caudis.

243 2776 371 2827 fumi
410 2777 575 2845 sparsi
611 2795 707 2845 per
743 2776 955 2840 aethera,
990 2776 1073 2827 vel
1100 2794 1166 2827 ex
1197 2775 1313 2826 luce
1339 2773 1519 2842 capitis
1546 2772 1798 2823 oriuntur.
1877 2772 2059 2824 Priore
2086 2790 2206 2823 casu
2231 2772 2401 2823 minu-

245 2868 379 2919 enda
405 2879 481 2919 est
508 2868 751 2919 distantia
777 2878 1115 2931 cometarum,
1154 2886 1221 2918 ne
1257 2866 1428 2917 fumus
1457 2885 1486 2916 a
1513 2865 1679 2932 capite
1705 2882 1907 2932 semper
1933 2875 2076 2915 ortus
2117 2882 2210 2932 per
2237 2865 2401 2931 spatia

242 2961 394 3010 nimis
437 2960 609 3028 ampla
649 2961 939 3012 incredibili
983 2980 1101 3012 cum
1145 2960 1416 3035 velocitate
1461 2970 1512 3011 et
1561 2958 1878 3028 expansione
1921 2968 2257 3027 propagetur.
2334 2956 2398 3007 In

242 3049 531 3117 posteriore
559 3048 831 3100 referenda
857 3060 934 3101 est
958 3050 1049 3101 lux
1075 3051 1242 3101 omnis
1269 3059 1374 3101 tam
1402 3047 1582 3100 caudae
1614 3046 1769 3118 quam
1794 3046 2027 3115 capillitii
2066 3045 2132 3096 ad
2156 3045 2400 3096 nucleum

244 3138 441 3207 capitis,
520 3138 688 3209 Igitur
724 3139 767 3189 si
804 3139 1154 3207 concipiamus
1192 3140 1363 3190 lucem
1397 3137 1534 3189 hanc
1567 3155 1775 3188 omnem
1822 3134 2128 3206 congregari
2171 3143 2220 3185 et
2263 3134 2399 3185 intra

244 3228 445 3280 discum
483 3228 655 3279 nuclei
695 3230 961 3293 coarctari,
1008 3230 1221 3281 nucleus
1266 3230 1352 3281 ille
1385 3231 1495 3299 jam
1534 3239 1689 3291 certe,
1732 3228 1954 3298 quoties„
1971 3226 2190 3278 caudam
2231 3226 2396 3277 maxi-

243 3337 382 3369 mam
418 3327 472 3369 et
507 3317 934 3389 fulgentissimam
971 3321 1172 3385 emittit,
1203 3321 1267 3391 (g)
1305 3321 1340 3374 J
1344 3338 1495 3372 ovem
1530 3321 1700 3389 ipsum
1736 3318 2013 3389 splendore
2047 3335 2141 3369 suo
2175 3315 2396 3368 multum

297 3455 355 3507 (f)
388 3458 409 3481 *¹
444 3458 524 3495 Hae
556 3459 613 3496 vel
643 3470 685 3496 ex
715 3459 916 3511 reflexione
933 3459 1052 3512 fami
1083 3461 1216 3509 sparsi,
1248 3465 1295 3497 ut
1351 3457 1621 3504 Flamstedius,
1653 3457 1812 3496 cedebat
1838 3456 1942 3504 Jovi,
1973 3456 2148 3507 adeoque
2171 3454 2250 3493 Soli
2277 3451 2396 3506 longe

241 3509 376 3558 postea
393 3509 629 3558 probabitur.
1348 3512 1519 3557 vicinior,
1541 3511 1734 3562 quinimo
1754 3512 1880 3548 minor
1908 3518 1987 3548 erat
2017 3508 2226 3548 Mercurio.
2290 3509 2396 3546 Nam

299 3561 355 3614 (Ε)
379 3566 400 3587 *
424 3564 556 3602 Jovem
583 3565 710 3613 ipsum
737 3566 933 3613 splendore
959 3579 1041 3604 suo.
1103 3564 1153 3602 Id
1181 3564 1295 3603 variis
1349 3564 1411 3602 die
1441 3570 1499 3603 17.
1533 3565 1676 3602 mensis
1702 3565 1832 3615 hujus,
1862 3565 1930 3601 ubi
1965 3564 2096 3602 Terrae
2124 3561 2275 3611 propior
2302 3569 2393 3605 erat,

243 3616 571 3658 observationibus
600 3616 803 3655 confirmat
833 3618 1049 3656 Newtonus
1084 3618 1125 3655 in
1162 3618 1293 3667 Opus·
1350 3619 1527 3666 apparuit
1551 3618 1710 3656 Cassino
1729 3630 1796 3665 per
1815 3617 2063 3665 telescopium
2083 3616 2171 3664 ped·
2187 3619 2251 3653 55.
2275 3612 2394 3663 paulo

243 3667 334 3705 culo
353 3667 401 3705 de
422 3670 567 3706 Mundi
592 3671 817 3718 Systemate.
880 3672 1042 3709 Cometa
1061 3672 1153 3709 anni
1177 3674 1288 3710 1679.

247 3720 475 3758 Decembris
511 3726 570 3759 12.
603 3730 642 3760 et
673 3727 733 3761 15.
755 3724 843 3761 stilo
868 3723 995 3767 veteri,
1023 3737 1100 3774 quo
1125 3733 1297 3773 tempore

245 3772 410 3810 caudam
429 3775 678 3812 clarissimam
698 3776 898 3815 emittebat
916 3785 955 3814 et
974 3777 1052 3815 luci
1079 3777 1297 3815 multorum

244 3823 406 3866 Jovium
435 3840 501 3875 per
527 3835 680 3865 tantum
708 3830 875 3877 spatium
894 3829 1046 3867 diffusae
1065 3842 1109 3867 ac
1127 3829 1296 3867 dilatatae

244 3890 324 3915 non
344 3878 541 3927 imparem,
557 3880 826 3931 magnitudine
844 3881 987 3930 nuclei,
1017 3890 1061 3921 ut
1075 3883 1296 3921 observabat

1347 3671 1474 3708 minor
1505 3671 1622 3722 globo
1657 3670 1823 3708 Saturni.
1918 3669 1995 3707 Die
2028 3673 2063 3706 8.
2088 3667 2229 3705 mensis
2260 3667 2389 3717 hujus,

1351 3731 1523 3772 tempore
1549 3723 1753 3769 matutino,
1781 3722 1875 3760 vidit
1904 3722 2085 3760 Halleius
2113 3719 2275 3757 caudam
2306 3732 2393 3768 per-

1352 3777 1504 3814 brevem
1518 3775 1698 3828 efflatam,
1716 3784 1753 3814 et
1764 3776 1872 3826 quasi
1886 3788 1931 3812 ex
1947 3786 2103 3822 corpore
2121 3772 2218 3811 Solis
2230 3774 2394 3823 jamjam

1350 3829 1486 3867 orituri
1513 3837 1731 3876 exeuntem,
1761 3829 1809 3866 ad
1837 3829 1955 3865 instar
1973 3825 2087 3864 nubis
2113 3824 2267 3863 insolito
2285 3837 2394 3863 more

1350 3881 1548 3934 fulgentis,
1577 3894 1649 3920 nec
1676 3881 1785 3931 prius
1803 3880 2058 3930 disparentem
2077 3879 2194 3931 quam
2218 3878 2284 3917 Sol
2311 3878 2393 3929 ipse
