2540 4296
295 329 363 373 30
806 314 1370 370 PHILOSOPHIAE
1410 317 1865 371 NATURALIS
1903 320 2022 384 [DE
2052 322 2257 374 Mum.
2290 325 2441 378 SYST.

372 465 535 516 Corol.
567 469 614 514 1.
691 461 842 513 Hinc.
864 461 906 513 si
934 479 965 511 a
990 460 1098 511 dati
1122 459 1272 512 arcus
1301 459 1456 530 quam
1482 459 1684 510 minimi
1714 461 1759 512 P
1788 461 1854 512 M
1880 462 2112 513 terminis
2141 464 2186 516 P
2212 475 2262 516 et
2290 465 2355 517 M
2381 466 2448 517 ad

294 552 486 604 lineam
511 549 854 621 quadraturas
885 550 1196 620 jungentem
1222 548 1276 611 Q
1302 567 1333 618 q
1362 548 1700 599 demittantur
1724 550 2098 618 perpendicula
2124 551 2169 603 P
2198 552 2268 617 K,
2300 554 2365 605 M
2389 554 2443 617 k,

294 643 578 712 eademque
604 640 960 710 producantur
979 640 1146 692 donec
1167 650 1341 692 secent

293 733 485 784 lineam
509 730 769 783 nodorum
796 731 850 782 N
875 749 911 781 n
936 730 990 780 in
1016 731 1072 783 D
1093 740 1143 782 et
1163 731 1196 781 d
1204 750 1218 792 ς
1240 731 1338 783 erit

292 831 463 874 motus
511 820 750 873 horarius
802 820 1062 873 nodorum
1111 831 1169 872 ut
1218 840 1337 873 area
1371 855 1379 861 -

294 911 361 963 M
389 911 434 963 P
459 911 515 962 D
541 909 577 961 d
613 919 666 963 et
691 909 999 980 quadratum
1036 910 1187 962 lineae
1214 911 1264 961 A
1292 911 1337 962 Z

291 1001 622 1072 conjunctim.
678 996 853 1055 Sunto
871 1003 1010 1055 enim
1039 1004 1084 1056 P
1106 1003 1175 1066 K,
1208 1003 1252 1054 Ρ
1275 1001 1337 1054 Η

289 1104 341 1144 et
368 1094 419 1144 A
442 1093 483 1144 Z
508 1092 746 1161 praedicti
771 1103 875 1145 tres
897 1093 1053 1144 sinus.
1130 1093 1337 1162 Nempe

291 1182 338 1233 P
366 1181 419 1233 K
458 1182 598 1234 sinus
625 1182 884 1234 distantiae
923 1183 1092 1234 Lunae
1118 1202 1148 1234 a
1173 1183 1337 1252 quad-

287 1271 478 1335 ratura,
513 1273 557 1324 P
578 1273 639 1324 H
666 1273 807 1325 sinus
835 1255 1090 1324 distantiae
1112 1274 1281 1325 Lunae
1306 1293 1337 1325 a

286 1362 445 1424 nodo,
488 1372 540 1413 et
577 1363 628 1413 A
657 1362 700 1413 Z
738 1362 879 1414 sinus
918 1362 1175 1413 distantiae
1213 1363 1338 1415 nodi

285 1472 317 1503 a
369 1453 519 1505 Sole:
572 1463 624 1505 et
671 1454 768 1504 erit
810 1453 1051 1505 velocitas
1101 1454 1228 1505 nodi
1277 1464 1334 1508 ut

287 1555 591 1596 contentum
638 1546 683 1597 P
712 1546 765 1597 K
798 1557 839 1599 ><
876 1547 920 1597 P
949 1546 1011 1597 H
1047 1557 1088 1598 ><
1120 1547 1166 1598 Α
1200 1547 1256 1598 Ζ.
1343 1547 1408 1615 (Ρ)
1453 1546 1549 1598 Est
1592 1547 1764 1598 autem
1793 1550 1838 1602 P
1864 1548 1916 1599 T
1941 1548 2008 1599 ad
2037 1548 2082 1600 P
2111 1547 2164 1598 K
2205 1555 2268 1597 ut
2304 1543 2349 1595 P
2378 1541 2441 1593 M

287 1633 354 1684 ad
383 1633 436 1685 K
463 1634 515 1696 k,
558 1634 779 1704 ideoque
817 1635 886 1686 ob
924 1635 1070 1686 datas
1100 1635 1145 1686 P
1172 1635 1224 1686 T
1249 1645 1301 1687 et
1330 1635 1375 1686 P
1405 1634 1471 1686 M
1497 1644 1575 1686 est
1604 1634 1656 1686 K
1683 1636 1719 1685 k
1744 1636 1844 1703 ipsi
1871 1635 1916 1687 P
1945 1635 1998 1686 K
2022 1631 2440 1703 proportionalis.

291 1725 387 1780 Est
413 1737 464 1776 et
490 1726 541 1776 A
569 1726 620 1777 T
646 1725 712 1777 ad
741 1726 785 1778 P
812 1727 867 1778 D
893 1735 952 1778 ut
980 1728 1031 1778 A
1060 1727 1102 1778 Z
1129 1726 1196 1777 ad
1225 1727 1269 1778 P
1299 1726 1377 1789 H,
1420 1736 1471 1777 et
1508 1738 1787 1795 propterea
1816 1728 1861 1779 P
1890 1728 1951 1779 H
1976 1726 2277 1799 rectangulo
2317 1724 2361 1775 P
2388 1721 2442 1773 D

302 1828 344 1870 ><
380 1816 430 1867 Α
460 1817 502 1868 Ζ
539 1815 961 1885 proportionaliS,
1003 1827 1053 1870 et
1090 1817 1377 1887 conjunctis
1406 1817 1692 1869 rationibus
1733 1819 1779 1869 P
1807 1818 1859 1870 K
1896 1830 1937 1871 ><
1975 1818 2018 1869 P
2047 1818 2108 1870 H
2134 1827 2209 1869 est
2234 1825 2293 1868 ut
2318 1832 2441 1866 con-

342 1995 399 2034 Sit
419 1996 462 2034 N
479 1996 604 2035 ubivis
621 1997 663 2035 in
682 1996 895 2048 quadrante
925 1998 961 2036 B
985 1999 1020 2037 T
1044 1999 1096 2044 Q,
1125 2006 1164 2037 et
1185 1998 1220 2036 P
1239 1998 1339 2037 inter
1392 1997 1665 2048 consequentia
1682 2005 1858 2046 respectu
1887 1998 1930 2036 N
1955 1998 2162 2047 minusque
2180 1989 2457 2033 semi-circulo*
2483 1999 2486 2002 '

290 2049 333 2093 Q
348 2057 387 2087 et
406 2062 432 2086 n
452 2050 513 2087 vel
534 2050 633 2089 inter
651 2065 677 2102 q
695 2058 733 2089 et
754 2052 795 2089 N
814 2052 940 2100 primo
954 2065 1045 2089 casu
1061 2065 1195 2089 omnes
1213 2065 1339 2102 angu-
1392 2051 1518 2097 distat,
1540 2064 1633 2102 ergo
1652 2052 1822 2102 angulus
1842 2052 1883 2089 N
1915 2051 1952 2089 T
1980 2051 2015 2089 P
2033 2058 2091 2088 est
2108 2049 2321 2098 positivus3
2351 2047 2442 2083 hinc

285 2101 342 2141 los
360 2103 444 2140 fore
462 2104 656 2152 positivOS‚
678 2106 799 2143 altero
818 2105 983 2155 angulos
1008 2107 1092 2149 QT
1106 2106 1189 2143 Pet
1205 2106 1338 2144 NTP
1391 2104 1516 2142 ubivis
1547 2104 1596 2142 sit
1628 2105 1675 2150 P,
1710 2105 1742 2141 si
1775 2104 1893 2142 modo
1912 2117 1991 2142 non
2024 2104 2074 2141 sit
2102 2104 2204 2141 inter
2223 2101 2372 2138 nodum
2404 2106 2443 2137 et

284 2156 367 2193 fore
382 2157 593 2207 negativos,
615 2166 658 2196 ut
677 2158 718 2196 iu
738 2158 984 2206 praecedenti,
998 2158 1333 2196 demonstrabitur.
1391 2159 1660 2208 quadraturam
1681 2158 1912 2206 proximam,
1940 2157 2000 2194 vel
2019 2169 2155 2195 omnes
2172 2146 2308 2205 anguli
2327 2159 2443 2190 erunt

342 2210 525 2260 Denique
544 2212 714 2262 angulus
745 2213 771 2250 S
794 2214 831 2250 T
854 2212 893 2249 N
920 2213 969 2250 sit
996 2213 1208 2262 negativuS‚
1240 2220 1277 2249 et
1300 2213 1335 2250 P
1388 2211 1550 2259 positivi,
1573 2210 1633 2249 vel
1665 2211 1745 2249 duo
1764 2211 1882 2249 simul
1900 2211 2082 2262 negativi,
2117 2210 2213 2247 alter
2231 2205 2322 2245 vero
2341 2205 2444 2255 posi-

284 2274 365 2299 non
398 2263 448 2301 sit
478 2263 579 2302 inter
597 2266 873 2314 quadraturam
893 2273 930 2303 et
948 2265 1108 2309 nodum,
1144 2266 1211 2303 sed
1244 2265 1335 2304 alibi
1389 2265 1505 2301 tivus.

284 2316 422 2361 ubivis,
444 2316 628 2355 alteruter
646 2331 693 2356 ex
713 2319 868 2369 angulis
890 2320 932 2363 Q
952 2319 988 2357 T
1011 2319 1057 2364 P,
1089 2320 1130 2357 N
1159 2321 1194 2357 T
1213 2320 1247 2356 P
1267 2333 1335 2368 po·
1445 2317 1550 2356 cum
1569 2331 1661 2370 ergo
1679 2331 1790 2357 arcus
1808 2318 1909 2356 inter
1924 2319 1966 2356 N
1984 2318 2045 2355 vel
2065 2330 2091 2354 n
2111 2323 2149 2356 et
2166 2314 2441 2366 quadraturam

285 2369 420 2406 sitivus
438 2370 521 2417 erit,
544 2372 747 2421 negativus
765 2372 860 2410 alter
872 2388 883 2420 ;
915 2372 963 2411 sit
992 2374 1034 2411 N
1060 2373 1102 2410 in
1121 2373 1332 2423 quadrante
1385 2371 1613 2420 proximam,
1631 2385 1832 2423 nunquam
1848 2371 2006 2410 excedat
2026 2370 2293 2421 quadrantem,
2319 2378 2443 2416 eoque

286 2423 323 2458 A
348 2423 384 2461 T
402 2436 427 2472 q
456 2431 495 2461 et
524 2424 560 2462 P
584 2425 624 2461 in
644 2438 737 2463 arcu
760 2427 802 2470 Q
822 2426 861 2463 A
884 2427 923 2464 N
945 2427 1174 2478 (quadrante
1193 2427 1330 2477 major)
1358 2473 1362 2477 ὓ
1388 2425 1436 2462 sit
1457 2437 1560 2473 saepe
1578 2425 1733 2472 minor3
1755 2439 1777 2463 e
1796 2433 1929 2463 contra
1947 2423 2049 2468 vero,
2071 2437 2183 2462 arcus
2201 2422 2301 2459 inter
2323 2419 2367 2480 N.
2381 2419 2443 2457 vel

285 2475 356 2513 erit
379 2477 420 2521 Q
439 2477 476 2515 T
498 2477 533 2516 P
551 2478 737 2528 positivus
756 2488 795 2517 et
815 2481 857 2518 N
874 2481 910 2518 T
927 2481 962 2518 P
983 2481 1195 2532 negativus,
1216 2480 1333 2531 siqui·
1388 2491 1415 2515 n
1434 2486 1473 2516 et
1490 2478 1766 2528 quadraturam
1776 2478 2022 2516 remotiorem
2034 2488 2237 2527 nunquam
2252 2474 2301 2511 sit
2314 2484 2444 2510 minor

1392 2530 1604 2581 quadrante
1623 2539 1661 2569 et
1679 2544 1780 2581 saepe
1798 2545 1845 2570 eo
1862 2532 2005 2582 major,v
2017 2529 2155 2581 majori
2168 2535 2275 2578 parte
2290 2526 2442 2564 revolu-

1392 2584 1508 2622 tionis
1535 2586 1675 2631 Lunae,
1697 2585 1789 2623 nodi
1808 2585 2080 2636 regrediuntur
2098 2593 2137 2621 et
2153 2595 2223 2631 per
2241 2592 2441 2618 excessum

1392 2651 1590 2688 regressus
1620 2651 1736 2687 supra
1762 2650 2020 2689 progressum,
2051 2636 2216 2687 singulis
2244 2633 2442 2671 mensibus

1393 2692 1485 2728 nodi
1504 2691 1684 2729 feruntur
1702 2691 1742 2729 in
1762 2691 2039 2729 antecedentia.

1451 2744 1672 2782 Potuissent
1694 2744 1862 2783 Articuli
1882 2749 1918 2782 4.
1956 2756 2072 2792 supra
2091 2739 2355 2784 demonstrati,
2390 2751 2438 2777 ex

1393 2795 1475 2834 sola
1493 2798 1529 2834 vi
1550 2798 1747 2848 signorum
1781 2797 2085 2848 algebraicorum
2103 2794 2256 2839 deduci,
2278 2805 2443 2843 eamque

1394 2850 1734 2888 demonstrationis
1752 2850 1918 2900 speciem
1950 2849 2130 2888 adhibere
2148 2847 2301 2885 videtur
2323 2847 2440 2883 New-

1393 2910 1531 2949 tonus;
1561 2911 1600 2941 at
1631 2903 1747 2941 alicui
1777 2903 1980 2954 negotium
2009 2902 2193 2940 facessere
2225 2899 2440 2948 potuissent

1396 2957 1537 2993 horum
1556 2957 1756 3006 signorum
1767 2957 2002 2994 mutationes
2018 2956 2059 2992 in
2080 2953 2234 3005 angulis
2245 2959 2437 3001 spectatae,

1393 3009 1434 3046 in
1453 3009 1593 3059 quibus
1612 3009 1702 3047 cum
1722 3010 1890 3060 angulus
1918 3009 1968 3046 ad
1994 3006 2299 3046 semi-circulum
2319 3005 2437 3043 crevit

1392 3070 1431 3100 et
1450 3064 1641 3100 maximus
1660 3063 1719 3109 sit,
1740 3076 1831 3100 mox
1847 3063 2050 3114 negativus
2069 3060 2206 3107 evadit,
2227 3058 2332 3110 quod
2346 3070 2439 3096 sane

1392 3128 1472 3152 non
1505 3116 1689 3153 evenisset
1708 3116 1739 3153 si
1758 3116 1829 3153 viae
1848 3116 2059 3164 descriptae,
2095 3127 2174 3151 non
2194 3111 2284 3150 vero
2302 3110 2438 3162 anguli

1392 3169 1620 3206 considerati
1639 3169 1828 3215 fuissent3
1855 3169 1994 3219 juvant
2010 3165 2235 3218 algebraicae
2253 3162 2330 3201 illae
2341 3174 2434 3200 con-

1394 3223 1616 3272 sequentiae,
1627 3222 1669 3259 in
1681 3222 1899 3272 retegendis
1913 3221 2088 3270 prompte
2105 3219 2438 3269 Propositionibus

1391 3274 1516 3325 iisque
1535 3275 1584 3313 ad
1602 3275 1907 3326 generalissimas
1926 3275 2187 3324 expressiones
2200 3270 2436 3317 revocandis,

1391 3329 1459 3366 sed
1491 3328 1532 3366 in
1565 3329 1765 3366 nonnullis
1782 3329 2058 3379 quaestionibus
2087 3327 2136 3365 ad
2167 3324 2437 3364 certitudinem

1392 3381 1547 3430 plenam
1567 3381 1818 3432 idearumque
1836 3381 2049 3420 claritatem
2067 3379 2273 3431 requiritur
2291 3385 2346 3422 ut,
2367 3389 2436 3426 per

289 3437 379 3475 dem
401 3437 433 3475 P
454 3435 568 3473 estin
586 3434 852 3473 antecedentia
867 3443 1043 3483 respectu
1073 3435 1126 3480 N,
1156 3434 1205 3472 sit
1234 3432 1270 3471 P
1298 3432 1339 3471 in
1392 3447 1552 3472 casuum
1581 3436 1923 3480 enumerationem,
1957 3435 2036 3472 illae
2054 3433 2278 3486 algcbraicae
2295 3443 2429 3469 conse-

289 3503 380 3528 arcu
413 3503 438 3539 q
460 3490 495 3527 B
516 3502 542 3526 n
574 3489 645 3527 erit
678 3490 720 3533 Q
737 3489 774 3526 T
797 3489 831 3526 P
850 3490 1061 3539 negatIvus,
1094 3488 1161 3526 sed
1183 3488 1222 3525 N
1245 3488 1282 3526 T
1303 3487 1338 3525 P
1391 3488 1571 3537 quentiae,
1587 3488 1694 3526 velut
1712 3488 1759 3526 ad
1781 3488 1970 3537 Lapidem
1987 3488 2158 3537 Lydium
2173 3485 2432 3534 explorentur.

289 3543 486 3592 positivus,
506 3555 597 3580 nam
615 3555 727 3580 arcus
748 3542 788 3580 N
806 3542 841 3580 P
859 3542 900 3579 in
919 3542 1192 3592 consequentia
1205 3553 1337 3592 sump-
1397 3541 1605 3587 Caeterum,
1625 3541 1801 3591 quamvis
1819 3541 1964 3592 figuras
1984 3540 2194 3589 unicuique
2222 3536 2327 3576 casui
2345 3548 2436 3584 pro-

289 3604 353 3634 tus
373 3596 634 3634 semi-circulo
651 3597 778 3633 minor
796 3595 879 3633 erit.
1391 3594 1492 3642 prias
1512 3606 1591 3632 non
1611 3593 1942 3637 dfflneaverimus,
1972 3594 2086 3632 facile
2104 3592 2175 3630 erit
2201 3603 2248 3627 ex
2274 3589 2322 3626 iis
2348 3601 2435 3639 quae

349 3650 407 3686 Sit
441 3649 480 3686 N
513 3649 553 3686 in
572 3649 783 3699 quadrante
812 3661 837 3699 q
858 3648 895 3686 T
916 3648 965 3693 B,
1000 3648 1031 3686 si
1066 3648 1099 3686 P
1118 3647 1226 3686 sitin
1245 3659 1338 3685 arcu
1391 3648 1552 3695 sculptae
1584 3654 1686 3694 sunt,
1718 3647 1860 3699 figuras
1888 3647 2108 3686 deficientes
2136 3642 2339 3694 imagInari
2368 3648 2437 3680 aut

290 3714 319 3740 n
337 3714 372 3752 q,
407 3702 577 3752 angulus
599 3702 639 3746 Q
659 3702 696 3739 T
718 3702 753 3740 P
769 3702 956 3751 positivus
982 3709 1050 3748 est,
1084 3703 1150 3739 sed
1169 3700 1337 3751 angulus
1391 3700 1614 3738 describere.
1908 3703 1912 3708 '
2233 3724 2240 3728 -

294 3755 335 3793 N
358 3755 395 3793 T
416 3754 451 3792 P
470 3754 683 3805 negativus
703 3755 796 3804 quia
813 3767 923 3792 arcus
945 3755 987 3792 N
1005 3767 1032 3791 n
1052 3755 1105 3806 -1-
1128 3766 1155 3790 n
1170 3754 1204 3792 P
1224 3753 1338 3791 semi·
1448 3754 1505 3805 (Ρ)
1530 3756 1549 3778 *
1570 3756 1642 3792 Est
1656 3761 1785 3793 autem
1803 3757 1840 3793 Ρ
1858 3756 1952 3792 Tad
1967 3756 2005 3792 P
2017 3754 2114 3791 Kut
2128 3753 2165 3789 P
2177 3750 2286 3788 Mad
2300 3750 2374 3786 ch
2387 3758 2435 3785 ex

292 3807 439 3847 circulo
456 3810 578 3858 major
595 3814 664 3853 est,
686 3807 718 3846 si
740 3807 775 3845 P
792 3807 841 3845 sit
858 3808 899 3844 in
918 3820 1011 3846 arcu
1042 3808 1080 3845 N
1103 3807 1143 3851 Q
1171 3806 1340 3858 angulus
1392 3804 1594 3844 notissima
1612 3806 1744 3845 circuli
1764 3806 1993 3856 proprietate
2003 3804 2154 3858 radium
2167 3814 2247 3840 esse
2265 3801 2313 3839 ad
2332 3800 2436 3838 ordi-

297 3862 340 3907 Q
359 3860 396 3899 T
418 3859 454 3899 P
473 3868 530 3898 est
548 3859 706 3911 quidem
725 3860 939 3912 negativus,
972 3860 1040 3899 sed
1058 3861 1149 3912 quia
1168 3860 1204 3899 P
1222 3866 1279 3898 est
1296 3858 1338 3897 in
1393 3867 1538 3905 natam,
1559 3866 1603 3897 ut
1621 3866 1678 3898 est
1691 3859 1811 3898 fluxio
1824 3859 1934 3898 arcus
1952 3857 2002 3897 ad
2019 3857 2230 3897 fluxionem
2245 3853 2432 3893 abscissae.
