2540 4296
407 298 476 344 22
872 288 1442 345 PHILOSOPHIAE
1484 291 1935 346 NATURALIS
2010 295 2127 358 [DE
2156 295 2358 347 Mum).
2388 296 2538 347 Srsr.

795 501 1267 555 PROPOSITIO
1307 503 1501 555 XXX.
1579 504 2010 557 PROBLEMA
2048 504 2151 557 XI.

643 643 876 698 Invenire
897 652 1075 696 motum
1099 645 1354 696 horarium
1379 648 1615 696 nodorum
1641 646 1807 697 Lunae
1833 650 1887 698 in
1911 648 2025 698 orbe
2050 650 2329 721 circulari..

476 785 735 857 Designet
760 786 797 838 8
826 783 1017 848 Solem,
1047 784 1100 842 T
1125 784 1361 848 Terram,
1404 784 1449 836 P
1476 784 1699 848 Lunam,
1730 785 1784 836 N
1810 786 1856 838 P
1879 805 1914 836 n
1941 787 2122 838 orbem
2148 788 2333 850 Lunae,
2365 786 2419 839 N
2442 806 2480 857 p
2503 805 2540 838 n

406 877 469 947 (⁴¹)
512 878 781 949 vestigium
823 877 961 929 orbis
998 877 1054 927 in
1088 876 1245 944 plano
1272 876 1522 944 eclipticae
1536 895 1551 937 3
1593 875 1664 939 N,
1706 894 1742 926 n
1784 876 1967 940 nodoS,
2015 896 2050 928 n
2079 878 2130 929 T
2157 878 2210 933 N
2253 897 2306 928 m
2350 878 2540 930 lineam

404 969 661 1021 nodorum
697 968 896 1021 infinite
933 968 1270 1037 productam3
1312 967 1358 1018 P
1384 967 1428 1030 Ι,
1470 966 1516 1018 Ρ
1544 965 1598 1018 Κ
1632 966 2004 1036 perpendicula
2030 967 2252 1019 demissa
2286 970 2342 1019 in
2379 969 2539 1021 lineas

407 1061 443 1113 S
485 1060 550 1123 Τ,
599 1060 652 1121 Q
693 1079 757 1129 q;
800 1059 844 1110 P
878 1076 915 1127 p
957 1056 1386 1127 perpendiculum
1411 1055 1692 1108 demissum
1728 1056 1783 1107 in
1818 1056 2034 1126 planum
2060 1057 2338 1126 eclipticae3
2377 1060 2445 1123 A,
2491 1058 2540 1112 B

405 1151 636 1222 syzygias
665 1151 833 1201 Lunae
857 1150 912 1200 in
936 1149 1094 1217 plano
1118 1147 1399 1216 eclipticae3

406 1241 457 1291 A
485 1238 527 1291 Z
558 1236 988 1308 perpendiculum
1013 1236 1068 1287 in
1091 1236 1283 1288 lineam
1307 1254 1403 1286 no-

404 1326 593 1379 dorum
642 1328 696 1378 N
737 1346 774 1377 n
787 1346 803 1389 3
855 1325 926 1389 Q,
978 1345 1013 1395 q
1060 1324 1402 1394 quadraturas

407 1415 575 1468 Lunae
612 1416 665 1465 in
701 1415 858 1483 plano
884 1414 1150 1483 eclipticae,
1192 1423 1243 1464 et
1277 1430 1313 1480 p
1350 1412 1404 1464 K

402 1506 833 1575 perpendiculum
892 1505 949 1555 in
1007 1503 1197 1555 lineam
1261 1502 1316 1565 Q
1369 1521 1405 1572 q

405 1594 730 1665 quadraturis
789 1594 1195 1662 interjacentem.
1307 1591 1401 1643 Vis

407 1683 543 1736 Solis
600 1683 666 1734 ad
726 1681 1140 1751 perturbandum
1202 1689 1402 1732 motum

404 1757 521 1843 (per
572 1773 729 1842 Prop.
786 1772 996 1838 XXV.)
1059 1771 1256 1840 duplex
1305 1781 1398 1835 est,

403 1862 564 1914 altera
616 1862 767 1913 lineae
818 1861 865 1912 L
918 1860 984 1913 M
1038 1860 1094 1911 in
1143 1860 1401 1912 schemate

405 1951 784 2020 Propositionis
834 1949 989 2011 illius,
1042 1948 1203 2001 altera
1252 1948 1406 2001 lineae

405 2040 471 2093 M
501 2040 553 2092 T
587 2039 1006 2109 proportionalis.
1081 2039 1153 2091 Et
1179 2039 1332 2091 Luna
1356 2040 1408 2092 vi

401 2129 578 2198 priore
626 2129 681 2180 in
732 2128 972 2191 Terram,
1023 2128 1310 2197 posteriore
1352 2128 1407 2179 in

404 2221 581 2275 Solem
646 2220 930 2273 secundum
991 2220 1181 2272 lineam
1248 2229 1403 2272 rectae

405 2313 443 2365 S
471 2312 522 2365 T
546 2331 576 2363 a
602 2312 771 2363 Terra
796 2312 862 2363 ad
890 2310 1067 2364 Solem
1104 2310 1274 2362 ductae
1298 2311 1598 2380 parallelam
1622 2311 1860 2363 trahitur.
1936 2312 2030 2363 Vis
2070 2312 2215 2381 prior
2260 2311 2307 2363 L
2337 2311 2400 2363 M
2439 2311 2540 2381 agit

402 2401 688 2454 secundum
707 2402 921 2471 planum
941 2402 1078 2453 orbis
1103 2401 1315 2465 lunaris,
1344 2411 1396 2454 et
1418 2412 1696 2471 propterea
1717 2403 1871 2454 situm
1895 2402 2039 2472 plani
2063 2403 2137 2454 nil
2161 2413 2341 2455 mutat.
2407 2403 2540 2454 Haec

401 2492 561 2562 igitur
584 2491 898 2563 negligenda
923 2500 1016 2542 est.
1090 2490 1184 2542 Vis
1207 2491 1465 2559 posterior
1493 2491 1558 2543 M
1585 2492 1637 2543 T
1663 2491 1763 2562 qua
1788 2491 2003 2560 planum
2041 2491 2181 2543 orbis
2206 2491 2400 2543 lunaris
2426 2510 2540 2561 per-

403 2580 659 2642 turbatur,
708 2580 768 2648 (θ)
797 2579 980 2631 eadem
1024 2587 1102 2630 est
1146 2597 1265 2630 cum
1302 2579 1352 2630 vi
1392 2587 1421 2631 3
1452 2579 1497 2631 Ρ
1526 2580 1578 2631 Κ
1603 2580 1684 2631 vel
1713 2580 1798 2632 31
1826 2580 1892 2632 Τ.
1970 2578 2025 2649 (ἢ
2067 2579 2138 2632 Et
2165 2580 2280 2631 haec
2316 2581 2392 2630 vis
2432 2584 2540 2649 (per

407 2668 564 2738 Prop.
595 2665 805 2734 XXV.)
845 2678 923 2720 est
948 2668 1015 2720 ad
1040 2667 1143 2719 vim
1170 2667 1271 2738 qua
1300 2668 1455 2720 Luna
1479 2670 1533 2720 in
1560 2670 1753 2721 circulo
1779 2670 1915 2722 circa
1941 2670 2164 2722 Terram
2199 2671 2540 2740 quiescentem

403 2769 638 2828 tempore
683 2778 777 2811 suo
818 2759 1085 2828 periodico
1110 2758 1436 2811 uniformiter
1473 2760 1667 2811 revolvi
1692 2770 1883 2829 posset,
1928 2771 1988 2813 ut
2033 2770 2062 2813 3
2092 2762 2120 2813 Ι
2147 2762 2199 2813 Τ
2239 2761 2305 2812 ad
2345 2761 2540 2812 radium

404 2849 584 2900 circuli
607 2848 1005 2923 multiplicatum
1030 2867 1126 2918 per
1150 2866 1426 2900 numerum
1457 2857 1478 2900 1
1493 2855 1701 2914 78.725‚
1743 2851 1849 2902 sive
1874 2861 1931 2902 ut
1958 2849 1985 2901 I
2015 2852 2067 2903 T
2091 2851 2158 2902 ad
2183 2851 2387 2903 radium
2411 2851 2540 2902 mul-

405 2940 703 3009 tiplicatum‘
716 2954 811 3008 per
838 2944 994 2994 59.57
999 2946 1048 2992 5.
1110 2939 1372 2991 Caeterum
1396 2940 1451 2991 in
1475 2940 1576 2991 hoc
1602 2941 1816 3005 calculo,
1846 2951 1897 2994 et
1921 2962 1984 2994 eo
2010 2944 2153 2994 omni
2180 2944 2269 3014 qui
2295 2943 2540 3013 sequitur,

405 3029 675 3082 considero
699 3029 860 3081 lineas
886 3046 1066 3097 omnes
1092 3048 1123 3080 a
1147 3029 1299 3081 Luna
1327 3030 1394 3081 ad
1423 3031 1595 3083 Solem
1621 3031 1801 3083 ductas
1827 3041 2073 3103 tanquam
2097 3034 2369 3103 parallelas
2394 3035 2540 3085 lineae

405 3141 523 3193 quae
549 3142 580 3174 a
605 3121 771 3175 Terra
798 3121 865 3173 ad
893 3121 1069 3174 Solem
1093 3120 1314 3184 ducitur,
1358 3122 1420 3190 (g)
1447 3132 1723 3191 propterea
1749 3123 1889 3194 quod
1920 3123 2184 3176 inclinatio
2210 3122 2412 3177 tantum
2437 3124 2540 3177 sere

462 3282 515 3335 (θ)
547 3285 567 3308 *
599 3283 802 3332 Vestigium
820 3282 914 3320 orbis
931 3281 974 3319 in
987 3282 1104 3331 plano
1123 3281 1309 3329 eclipticae.
1354 3279 1447 3317 Hoc
1500 3279 1693 3329 periodico
1712 3280 1853 3318 revolvi
1872 3288 2009 3330 posset,
2029 3289 2075 3320 ut
2096 3286 2112 3320 1
2137 3282 2188 3320 ad
2211 3286 2381 3323 178.725
2402 3283 2540 3335 (Prop.

408 3345 465 3375 est
491 3335 592 3375 orbis
610 3335 765 3386 genitus
782 3333 1021 3372 demittendo
1039 3345 1085 3371 ex
1104 3333 1268 3384 singulis
1296 3332 1448 3381 punctis
1503 3332 1648 3371 XXV.
1670 3340 1750 3371 not.
1776 3333 1824 3382 Ι’).
1884 3334 2005 3384 ErgO,
2041 3347 2088 3372 ex
2108 3349 2229 3386 aequo,
2264 3343 2303 3374 et
2329 3336 2540 3387 conjunctis

407 3389 541 3428 orbitae
554 3389 699 3427 lunaris
713 3386 985 3437 perpendicula
1002 3386 1051 3424 ad
1068 3387 1230 3435 planum
1245 3386 1442 3435 eclipticae.
1500 3386 1724 3432 rationibus,
1758 3394 1815 3423 est
1832 3386 1888 3423 vis
1909 3387 1956 3425 M
1980 3387 2015 3425 T
2034 3388 2081 3425 ad
2102 3388 2179 3425 vim
2199 3387 2278 3439 qua
2298 3390 2415 3427 Luna
2446 3390 2540 3427 circa

463 3442 521 3494 (ε)
544 3446 565 3467 ¹*
585 3444 733 3481 Eadem
754 3449 806 3480 est
825 3455 916 3481 cum
935 3443 971 3480 vi
988 3445 1015 3479 3
1031 3444 1069 3479 Ρ
1082 3442 1127 3478 K
1146 3440 1284 3493 (Prop.
1304 3438 1445 3477 XXV·
1505 3440 1667 3478 Terram
1687 3446 1858 3487 tempore
1876 3451 1947 3477 suo
1964 3440 2158 3488 periodico
2185 3441 2327 3480 revolvi
2348 3449 2474 3491 posset
2500 3449 2540 3480 ut

410 3502 489 3534 not.
513 3496 564 3545 ¹¹).
1502 3499 1559 3529 est
1587 3496 1612 3527 5
1635 3492 1656 3531 Ι
1679 3492 1716 3531 Τ
1747 3491 1797 3530 ad
1823 3492 1975 3530 radium
1996 3492 2129 3532 circuli
2157 3495 2457 3545 multiplicatum
2476 3507 2540 3543 per

464 3548 514 3599 (f)
547 3552 566 3571 ”
592 3549 646 3587 Ec
663 3551 743 3588 lzaec
760 3550 815 3587 vis
842 3555 895 3587 est
913 3550 963 3586 ad
981 3549 1057 3586 vim
1076 3544 1152 3597 qud
1175 3548 1292 3585 Luna
1314 3547 1357 3585 in
1375 3547 1448 3585 cir·
1506 3548 1690 3583 17·8·7‘25.

410 3604 495 3640 culo
541 3603 642 3641 circa
687 3605 843 3641 Terram
888 3603 1141 3653 quiescentem
1184 3607 1347 3648 tempore
1382 3612 1449 3638 suo
1557 3598 1614 3649 (Β)
1647 3600 1669 3622 ²*
1703 3601 1906 3649 Propterea
1935 3602 2035 3648 quod
2061 3601 2256 3640 inclinatio
2284 3600 2436 3639 tantam
2449 3600 2540 3651 feri

404 3656 589 3705 periodica
608 3657 850 3707 uniformiter
866 3656 1002 3694 revolvi
1015 3661 1150 3705 posset.
1202 3652 1275 3690 Vis
1295 3651 1333 3690 Τ
1349 3652 1397 3690 Μ
1502 3653 1644 3690 minuit
1662 3653 1812 3704 effectus
1831 3665 1958 3690 omnes
1985 3655 2028 3691 in
2055 3656 2240 3703 aliquibus
2259 3656 2400 3692 casibus
2422 3668 2540 3702 quan-

411 3714 468 3744 est
498 3707 548 3744 ad
580 3708 656 3745 vim
691 3709 738 3746 M
761 3708 797 3746 L
829 3715 876 3745 ut
901 3714 958 3746 est
985 3712 1010 3745 5
1033 3706 1068 3745 Ρ
1090 3706 1132 3744 Κ
1159 3705 1238 3743 sive
1257 3710 1280 3743 3
1303 3705 1322 3742 Ι
1347 3705 1384 3744 Τ
1401 3703 1452 3742 ad
1504 3704 1587 3743 tum
1605 3711 1717 3753 auget
1735 3706 1777 3743 in
1794 3707 1892 3743 aliis.
1944 3705 2127 3755 Exempli
2146 3704 2277 3756 gratia,
2298 3705 2375 3743 sint
2393 3705 2485 3742 nodi
2504 3707 2540 3742 in

411 3759 563 3798 radium
592 3761 729 3812 (Prop.
754 3761 925 3799 XXVI.
959 3767 1040 3798 not.
1067 3758 1125 3808 l.)
1138 3773 1150 3806 ;
1179 3759 1235 3795 vis
1262 3758 1311 3796 M
1332 3758 1369 3796 L
1395 3764 1455 3796 est
1505 3756 1758 3807 quadraturis,
1790 3765 2056 3810 specteturque
2076 3758 2193 3797 Luna
2209 3759 2249 3796 in
2269 3758 2421 3808 punctis
2452 3758 2488 3796 P
2506 3764 2540 3796 et

411 3812 461 3851 ad
492 3813 571 3851 vim
602 3812 682 3865 qua
713 3814 830 3852 Luna
861 3813 961 3852 circa
994 3813 1154 3851 Terram
1187 3818 1358 3861 ternpore
1381 3823 1454 3850 §uo
1512 3811 1551 3849 R.
1569 3809 1767 3862 aequaliter
1784 3823 1809 3850 a
1825 3811 2070 3863 quadraturis
2090 3811 2133 3850 N
2149 3817 2189 3850 et
2206 3824 2232 3849 n
2260 3811 2488 3851 distantibus
2507 3817 2540 3848 et
