2540 4296
122 255 312 312 LIBER
330 255 631 329 Tannus]
680 250 1085 307 PRINCIPIA
1128 250 1753 304 MATHEMATICA.
2184 255 2284 305 177

125 411 317 471 posset,
355 399 719 470 porrigebatur
756 397 823 448 ad
859 396 1083 467 gradum
1121 414 1285 467 usque
1321 395 1691 447 duodecimum
1725 394 1807 447 vel
1843 392 2001 463 paulo
2026 390 2189 444 ultra:
2231 403 2289 444 ut

128 512 285 561 supra
322 491 519 543 dictum
556 500 649 543 est.
727 487 830 541 Sed
857 497 909 539 et
949 488 1074 539 Feb.
1105 496 1136 540 9
1164 499 1217 539 et
1246 494 1310 538 10
1337 487 1428 538 ubi
1455 496 1611 556 caput
1635 486 1790 538 nudis
1817 484 1980 536 oculis
2007 483 2172 535 videri
2197 483 2287 534 de-

128 584 298 645 sierat,
341 582 560 634 caudam
593 579 786 651 gradus
822 577 954 629 duos
990 578 1202 648 longam
1236 595 1331 645 per
1367 576 1705 646 telescopium
1742 575 2119 643 contemplatus
2155 591 2286 624 sum.

131 674 300 726 Porro
327 674 369 726 si
396 674 562 725 cauda
585 673 808 724 oriretur
833 689 899 721 ex
917 671 1226 722 refractione
1245 669 1476 721 materiae
1496 670 1735 733 coelestis,
1757 679 1809 722 et
1823 688 1921 737 pro
1940 666 2109 740 figura
2130 666 2288 718 coelo-

128 782 247 815 rum
273 765 633 815 deflecteretur
658 761 723 812 de
754 759 889 812 Solis
918 760 1260 829 oppositione,
1288 758 1509 810 deberet
1524 758 1747 810 deflexio
1771 758 1861 809 illa
1885 759 1939 809 in
1965 757 2149 809 iisdem
2173 756 2288 807 coeli

129 856 428 926 legionibus
472 854 527 904 in
570 851 790 904 eandem
834 869 1038 918 semper
1073 859 1278 919 partem
1313 848 1444 899 fieri.
1521 848 1688 918 Atqui
1725 857 1927 900 cometa
1966 848 2091 899 anni
2133 854 2289 899 1680.

129 949 410 1001 Decembr.
439 952 523 998 28.
553 945 684 996 hora
723 946 788 1010 δὲ
816 963 868 1013 p.
895 962 965 995 m.
979 942 1240 1005 Londini‚
1268 941 1572 994 versabatur
1607 943 1661 992 in
1694 950 1737 993 ΞΕ
1770 949 1859 995 88‘.
1889 944 1990 994 41‘.
2018 961 2162 994 011111
2174 942 2290 993 1311-

129 1040 310 1091 111111110
351 1037 548 1089 boreali
587 1042 711 1088 288‘.
741 1037 806 1088 6'.
848 1035 969 1087 Sole
995 1035 1248 1085 existente
1290 1034 1346 1084 in
1382 1037 1436 1085 k?
1471 1039 1590 1085 188‘.
1627 1034 1729 1085 26'.
1809 1033 1881 1085 Et
1924 1045 2129 1085 cometa
2168 1033 2292 1083 anni

136 1134 289 1183 1577.
317 1128 450 1180 Dec.
480 1133 565 1178 29.
604 1125 905 1177 versabatur
939 1124 995 1174 in
1027 1132 1069 1173 ³<
1105 1130 1192 1176 88¹.
1221 1124 1325 1174 41'.
1346 1130 1476 1175 *cum
1514 1121 1786 1174 latitudine
1811 1121 2008 1173 boreali
2037 1128 2160 1174 283¹.
2189 1123 2291 1174 40'.

136 1218 264 1270 Sole
290 1217 446 1268 etiam
472 1215 724 1267 existente
748 1214 803 1265 in
827 1217 882 1266 1¹5²
916 1219 1036 1265 183¹.
1065 1213 1169 1264 26'.
1198 1211 1416 1264 circiter.
1482 1213 1724 1282 Utroque
1754 1212 1808 1263 in
1835 1230 1959 1263 casu
1986 1212 2155 1264 Terra
2180 1231 2294 1264 ver-

131 1311 342 1362 sabatur
384 1309 438 1359 in
479 1307 662 1359 eodem
701 1306 835 1368 loco,
881 1316 933 1356 et
975 1315 1177 1356 cometa
1219 1304 1503 1373 apparebat
1545 1304 1599 1354 in
1642 1303 1824 1354 eadem
1861 1304 1978 1354 coeli
2018 1314 2200 1372 parte:
2240 1304 2296 1354 in

131 1402 294 1471 priori
320 1411 492 1452 tamen
518 1417 640 1449 casu
666 1397 832 1448 cauda
857 1406 1074 1447 cometae
1103 1399 1192 1464 (ex
1217 1395 1346 1446 meis
1373 1406 1424 1446 et
1449 1394 1670 1446 aliorum
1705 1394 2176 1460 observationibus)
2206 1395 2297 1446 de-

134 1495 359 1547 clinabat
393 1491 586 1563 angulo
621 1491 880 1563 graduum
918 1493 985 1555 4}
1027 1489 1093 1540 ab
1131 1489 1459 1558 oppositione
1501 1488 1635 1540 Solis
1664 1487 1960 1557 aquilonem
1985 1505 2200 1551 versus;
2243 1487 2299 1538 in

132 1585 419 1654 posteriore
442 1581 567 1635 vero
595 1586 684 1651 (ex
709 1579 1154 1632 observationibus
1183 1577 1472 1648 Tychonis)
1501 1577 1776 1629 declinatio
1803 1586 1914 1628 erat
1938 1576 2198 1648 graduum
2225 1583 2287 1628 21

133 1677 189 1728 in
226 1685 473 1727 austrum.
551 1673 720 1744 Igitur
755 1670 1025 1739 repudiata
1063 1670 1316 1723 coelorum
1352 1669 1677 1733 refractione,
1719 1679 1953 1738 superest
1986 1678 2045 1721 ut
2078 1668 2298 1738 phaeno-

134 1785 288 1818 mena
314 1764 597 1820 caudarum
623 1781 691 1815 ex
716 1761 930 1814 materia
958 1760 1130 1831 aliqua
1156 1761 1328 1813 lucem
1354 1762 1650 1814 reflectente
1675 1761 1989 1813 deriventur.

210 1855 418 1908 Caudas
457 1863 631 1905 autem
656 1872 688 1905 a
713 1852 967 1921 capitibus
993 1851 1119 1903 oriri
1146 1861 1198 1903 et
1222 1852 1277 1903 in
1303 1851 1542 1922 regiones
1577 1870 1609 1902 a
1645 1851 1767 1904 Sole
1792 1869 1997 1903 aversas
2023 1850 2302 1903 ascendere

138 1948 481 1999 confirmatur
527 1947 589 2016 (a)
635 1964 702 1997 ex
742 1945 944 2017 legibus
981 1963 1108 2015 quas
1145 1945 1436 1997 observant.
1515 1945 1594 1999 Ut
1630 1946 1772 2016 quod
1804 1946 1858 1996 in
1892 1945 2060 2014 planis
2095 1945 2304 1997 orbium

138 2049 461 2091 cometarum
485 2057 579 2107 per
611 2038 785 2091 Solem
810 2038 1194 2090 transeuntibus
1213 2039 1461 2108 jacenteS‚
1484 2038 1693 2091 deviant
1718 2039 1783 2091 ab
1809 2039 2138 2108 oppositione
2167 2038 2304 2091 Solis

140 2133 193 2182 in
221 2151 306 2184 eas
333 2149 538 2200 semper
561 2139 751 2199 parteS,
775 2149 902 2199 quas
927 2129 1096 2198 capita
1119 2129 1175 2180 in
1200 2129 1413 2182 orbibus
1438 2129 1538 2181 illis
1572 2129 1960 2201 progredientia
1983 2130 2302 2200 relinquunt.

144 2220 307 2283 Quod
351 2220 628 2289 spectatori
669 2219 725 2270 in
766 2217 849 2270 his
892 2218 1060 2288 planis
1099 2218 1382 2272 constituto
1427 2230 1681 2290 apparent
1719 2220 1775 2271 in
1823 2219 2058 2289 partibus
2101 2238 2133 2270 a
2181 2218 2305 2270 Sole

198 2362 258 2416 (³)
283 2367 370 2403 164.
396 2366 417 2388 *
441 2365 503 2402 Ex
528 2366 669 2413 legibus
687 2377 781 2414 quas
801 2365 1007 2402 observant.
1070 2362 1199 2413 Leges

143 2416 223 2454 illae
242 2430 337 2467 quas
356 2394 581 2455 observant⁶
575 2424 812 2455 cometarum
832 2416 967 2454 caudae
985 2428 1075 2454 cum
1099 2429 1198 2465 prae-

144 2470 248 2508 dicta
291 2471 475 2509 Newtoni
513 2468 705 2508 sententia
747 2470 919 2519 apprime
960 2476 1197 2519 congruunt.

149 2523 285 2561 Cauda
303 2537 325 2561 a
346 2530 507 2562 cometae
525 2523 650 2572 capite
673 2524 826 2573 vaporis
852 2523 973 2561 instar
1000 2523 1041 2560 in
1058 2523 1195 2569 altum,

144 2576 184 2614 id
205 2586 272 2623 est,
293 2577 336 2615 in
353 2584 480 2625 partes
498 2590 521 2616 a
536 2577 624 2617 Sole
635 2589 782 2615 aversas
797 2589 1004 2628 assurgens
1020 2575 1062 2613 in
1081 2576 1198 2625 plano

145 2631 248 2668 orbis
266 2638 428 2669 cometae
446 2643 516 2679 per
532 2631 660 2669 Solem
680 2637 905 2669 transeunte
916 2630 1046 2681 jacere
1059 2629 1196 2668 debet
1185 2659 1197 2677 ,

144 2683 189 2721 in
208 2685 349 2722 aethere
367 2684 472 2722 enim
483 2683 615 2735 quieto
635 2683 743 2721 nulla
756 2691 814 2722 est
831 2684 929 2721 ratio
947 2696 1016 2721 cur
1029 2682 1080 2721 ad
1096 2684 1198 2721 hanc

146 2737 277 2787 potius
300 2736 418 2788 quam
446 2737 497 2776 ad
525 2737 636 2776 illam
662 2745 811 2787 partem
838 2736 1030 2775 deflectat.
1092 2737 1199 2782 Quia

147 2798 278 2829 autem
305 2803 422 2840 vapor
447 2805 471 2829 a
489 2791 614 2841 capite
640 2793 772 2829 exiens
798 2790 897 2828 duos
923 2799 1053 2829 motus
1079 2790 1199 2828 simul

147 2845 357 2893 componit,
388 2845 555 2883 alterum
573 2844 718 2883 scilicet
736 2857 917 2883 ascensus
935 2844 1030 2883 recti
1047 2858 1070 2882 a
1093 2844 1194 2890 Sole,

149 2897 316 2936 alterum
336 2898 425 2937 vero
443 2911 666 2949 progressus
685 2897 831 2948 capitis,
851 2897 942 2935 hinc
957 2898 1000 2936 fit
1013 2905 1058 2936 ut
1076 2897 1200 2936 cauda

151 2963 229 2989 non
256 2951 400 2991 directe
425 2965 449 2990 a
471 2951 560 2990 Sole
587 2965 717 3000 aversa
730 2951 791 2998 sit,
818 2951 887 2989 sed
913 2951 1199 3002 aIIquantulum

150 3003 242 3042 inde
269 3004 394 3044 deviet
421 3005 464 3042 in
490 3018 554 3043 eas
580 3013 706 3054 partes
723 3018 820 3056 quas
838 3013 999 3042 cometae
1017 3013 1134 3054 caput
1158 3004 1202 3041 in

151 3060 244 3096 orbe
268 3071 340 3096 suo
357 3058 607 3110 progrediens
625 3058 833 3109 relinquit;
854 3059 887 3097 si
905 3065 1035 3097 tamen
1054 3067 1201 3107 specta-

151 3118 213 3149 tor
229 3111 270 3148 in
290 3114 393 3151 orbis
411 3112 587 3150 cometici
606 3113 724 3161 plano
740 3124 809 3161 per
830 3111 960 3150 Solem
978 3119 1203 3150 transeunte

152 3165 419 3213 constituatur,
440 3165 606 3204 deviatio
624 3165 759 3204 caudae
777 3164 1004 3215 neutiquam
1025 3165 1201 3211 sentitur,

152 3218 245 3269 quia
261 3225 342 3257 tota
360 3219 401 3256 in
420 3217 537 3268 plano
554 3219 628 3257 isto
640 3219 755 3270 33001.
814 3218 928 3256 Licet
945 3231 1063 3268 vapor
1077 3231 1203 3256 assur-

152 3284 251 3335 gens
280 3280 431 3310 motum
463 3272 599 3322 capitis
629 3272 841 3333 participet,
880 3278 1012 3309 tamen
1047 3278 1204 3321 propter

153 3311 362 3390 aliqualem
390 3326 542 3363 aetheris
568 3324 1002 3374 10515100113111Ν111111115
1027 3324 1209 3364 velociter

155 3377 274 3428 quam
303 3386 421 3427 caput
455 3378 584 3427 ipsum
619 3378 876 3440 progreditur,
915 3384 955 3416 et
985 3391 1064 3429 quo
1092 3378 1210 3416 altius

155 3431 327 3469 ascendit
353 3443 470 3480 vapor
495 3430 542 3470 οὂ
570 3431 615 3470 fit
633 3433 765 3479 rarior,
793 3430 835 3469 id
859 3439 929 3478 est,
957 3444 1037 3482 quo
1055 3431 1209 3481 longior

156 3491 215 3522 est
250 3485 373 3523 cauda
408 3484 455 3523 οὀ
489 3485 677 3537 majorem
712 3484 908 3535 experitur
938 3485 1206 3531 resistentiam,

156 3535 324 3598 ideoque
358 3538 580 3587 praecedens
611 3538 745 3577 caudae
779 3538 893 3583 latus,
927 3537 1034 3589 quod
1065 3537 1210 3576 scilicet

156 3590 358 3640 proximus
386 3598 443 3629 est
564 3590 650 3629 ‘bus
683 3590 736 3630 ad
758 3603 860 3653 quas
890 3591 1015 3629 tendit
1046 3600 1207 3636 cometa,

158 3656 376 3682 convexum
394 3644 477 3691 erit,
507 3656 670 3695 sequens
687 3642 778 3683 vero
795 3647 1021 3689 concavum,
1051 3657 1096 3682 ac
1120 3656 1211 3693 pro-

158 3696 250 3736 inde
277 3697 403 3736 cauda
418 3706 509 3735 'non
527 3710 552 3736 a
580 3697 671 3736 Sole
688 3697 878 3736 duntaxat
897 3710 1027 3736 aversa
1045 3704 1114 3742 est,
1144 3697 1212 3735 sed

159 3750 276 3787 etiam
302 3751 537 3789 incurvatur.
599 3750 702 3789 Haec
720 3764 744 3789 a
775 3750 865 3790 Sole
882 3749 1050 3789 deviatio
1069 3758 1108 3788 et
1126 3763 1214 3788 cur-

160 3809 295 3841 vatura
308 3802 355 3842 eo
369 3804 497 3843 minor
511 3810 567 3842 est
581 3801 660 3854 quo
679 3810 782 3842 recta
797 3803 929 3842 Solem
943 3811 1212 3854 cometamque

162 3856 402 3909 conjungens
429 3857 621 3909 obliquior
638 3865 696 3896 051
713 3857 763 3896 311
782 3864 942 3898 cometae
961 3857 1151 3905 orbitam3
1180 3858 1212 3895 si

1251 2362 1356 2400 enim
1383 2369 1535 2401 cometa
1556 2361 1700 2401 11110010
1726 2376 1751 2401 3
1778 2361 1868 2401 Sole
1893 2363 1954 2400 vel
1980 2362 2029 2401 ad
2061 2364 2193 2402 Solem
2220 2370 2306 2400 ten-

1253 2415 1371 2460 deret,
1393 2416 1517 2454 cauda
1534 2429 1689 2467 quoque
1706 2417 1807 2455 foret
1831 2425 1935 2454 recta
1954 2423 1992 2454 et
2010 2430 2033 2454 a
2055 2418 2144 2455 Sole
2163 2415 2307 2455 directe

1252 2482 1396 2507 aversa.
1457 2470 1569 2508 Hinc
1604 2477 1710 2519 patet
1737 2470 1781 2507 in
1816 2469 1902 2519 ipso
1930 2478 2091 2508 cometae
2110 2470 2306 2532 ο11011110110

1250 2523 1463 2561 maximam
1481 2536 1562 2561 esse
1580 2523 1715 2561 caudae
1739 2523 1995 2561 deviationem
2016 2523 2306 2574 maximamque

1252 2583 1522 2624 curvaturam3
1543 2584 1637 2616 tunc
1657 2576 1762 2614 0111111
1780 2583 1884 2614 recta
1906 2577 2035 2615 Solem
2055 2586 2094 2615 et
2113 2586 2306 2615 cometam

1253 2630 1496 2681 conjungens
1507 2629 1556 2667 311
1571 2632 1704 2668 orbem
1715 2638 1878 2668 cometae
1893 2630 2077 2668 normalis
2090 2640 2159 2668 est.
2199 2632 2306 2668 Prae-

1250 2682 1354 2721 terea
1390 2686 1441 2721 ob
1476 2683 1702 2733 praedictam
1746 2682 1838 2721 licet
1873 2682 2086 2721 admodum
2123 2685 2306 2734 exiguam

1252 2736 1405 2774 aetheris
1439 2737 1709 2783 resistentiam,
1747 2749 1918 2774 convexa
1953 2736 2089 2775 eaudae
2118 2738 2234 2775 facies
2265 2738 2308 2775 in

1251 2791 1434 2828 aetherem
1459 2790 1661 2828 incurrens
1679 2790 1834 2828 densior
1852 2798 1921 2837 est,
1950 2802 1995 2828 ac
2019 2791 2181 2839 proinde
2209 2791 2307 2829 luci-

1251 2843 1336 2882 dior
1350 2850 1388 2881 et
1401 2843 1620 2882 distinctius
1632 2843 1837 2882 terminata
1849 2844 2047 2893 apparebit
2061 2843 2178 2894 quam
2191 2845 2309 2882 facies

1253 2910 1431 2935 concava.
1485 2897 1589 2936 Haec
1604 2904 1695 2935 sunt
1713 2898 1909 2946 praecipua
1919 2896 2131 2947 caudarum
2151 2899 2309 2949 phaeno-

1254 2963 1370 2988 mena
1397 2951 1539 3001 quibus
1565 2951 1749 2989 satisfacit
1779 2951 1963 2989 Newtoni
1990 2951 2134 2999 opinio.
2198 2952 2309 2990 Hinc

1255 3004 1399 3043 caudas
1434 3017 1459 3041 a
1490 3004 1679 3053 capitibus
1710 3005 1821 3042 oriri
1832 3012 1871 3042 et
1898 3004 1939 3041 in
1964 3005 2142 3054 regiones
2169 3018 2192 3042 a
2220 3005 2311 3044 Sole

1256 3070 1405 3095 aversas
1434 3059 1640 3096 ascendere
1670 3058 1921 3096 confirmatur
1950 3069 1998 3095 ex
2006 3037 2186 3110 olegibus
2215 3071 2311 3110 quas

1256 3113 1602 3152 observant..

1315 3167 1402 3203 165.
1451 3163 1668 3215 Descriptis
1703 3164 1950 3214 opinionibus
1985 3164 2035 3204 de
2071 3176 2311 3204 cometarum

1258 3217 1393 3256 caudis
1422 3217 1675 3269 adjungenda
1702 3227 1759 3256 est
1785 3218 1852 3256 illa
1870 3232 1988 3269 quam
2016 3219 2157 3257 clariss.
2185 3221 2238 3257 D.
2264 3221 2313 3258 de

1260 3270 1418 3310 Mairan
1444 3272 1487 3308 111
1514 3272 1658 3309 eximio
1681 3272 1810 3321 Opere
1828 3271 1878 3310 de
1902 3271 2057 3311 Aurora
2079 3273 2235 3311 Boreali
2253 3274 2314 3311 his

1262 3332 1396 3363 tuetur
1413 3324 1608 3363 rationum
1625 3326 1847 3363 momentis.
1912 3327 2093 3365 Cometas
2110 3327 2160 3364 ad
2184 3327 2315 3365 Solem

1261 3377 1438 3426 proxime
1449 3378 1629 3417 accedere
1642 3379 1970 3417 observationibus
1981 3388 2221 3428 compertum
2235 3388 2291 3419 est
2301 3395 2313 3428 ;

1262 3431 1354 3469 hinc
1384 3432 1653 3470 Newtonianae
1671 3431 1906 3470 attractionis
1934 3433 2087 3483 legibus
2112 3442 2316 3472 consenta-

1262 3496 1383 3522 neum
1419 3485 1571 3523 videtur
1605 3492 1652 3523 ut
1686 3485 1858 3536 aliquam
1888 3486 2021 3523 solaris
2051 3488 2317 3535 atmosphaerae

1262 3537 1464 3576 materiam
1492 3545 1643 3576 cometa
1668 3539 1844 3577 attrabat.
1907 3540 1990 3577 Cur
2008 3547 2137 3577 autem
2158 3541 2319 3579 materia

1263 3592 1348 3629 haec
1371 3591 1490 3630 instar
1518 3604 1641 3629 comae
1673 3599 1788 3629 vento
1816 3591 1970 3643 agitatae
2006 3593 2247 3644 dispergatur
2280 3602 2320 3632 et

1266 3644 1317 3682 ad
1340 3644 1439 3683 Solis
1465 3645 1686 3693 oppositum
1707 3644 1908 3695 dirigatur,
1937 3658 1984 3683 ex
2004 3646 2200 3684 radiorum
2219 3648 2318 3686 sola·

1265 3697 1369 3735 rium
1397 3698 1632 3748 impulsione
1664 3698 1753 3735 oriri
1784 3707 1920 3747 potest.
1995 3700 2183 3738 Plurimis
2214 3703 2321 3739 enim

1268 3751 1542 3799 experimentis
1560 3758 1707 3789 certum
1723 3759 1781 3789 est
1793 3752 1936 3790 solares
1949 3754 2077 3791 radios
2090 3755 2197 3791 omni
2213 3767 2322 3803 pror-

1266 3817 1333 3842 sus
1360 3804 1605 3854 impulsionis
1630 3805 1670 3842 vi
1698 3817 1778 3842 non
1805 3818 1946 3844 carere.
2008 3807 2163 3846 Clariss.
2190 3809 2321 3846 Hom-

1265 3858 1423 3910 bergius
1441 3858 1543 3896 varia
1561 3858 1733 3898 materiae
1760 3859 1964 3898 levissimae
1983 3860 2181 3900 filamenta
2205 3862 2323 3900 radiis

1191 3928 1296 3966 M4
