2540 4296
57 250 241 303 Lfflm
259 252 554 317 Tssnrrms]
607 254 1006 306 PRINCIPIA
1045 255 1657 308 MATHEMATICA.

2086 259 2184 306 165

48 391 130 444 his
170 394 319 457 datis,
364 396 561 448 calculo
596 397 773 448 itidem
810 396 1134 449 arithmetico
1172 399 1408 450 accurate
1444 400 1693 461 institutO,
1732 398 1847 449 loca
1873 405 2087 447 cometae
2113 396 2180 447 ad

47 483 459 536 observationum
486 495 717 555 tempora
742 486 1071 554 computavit,
1100 495 1156 537 ut
1181 487 1425 555 sequitur.

24 1902 80 1934 est
98 1895 235 1945 positio
253 1903 366 1935 rectae
387 1896 425 1935 T
441 1909 474 1941 a,
495 1897 568 1934 hoc
586 1902 654 1942 est,
677 1903 836 1934 cometae
853 1895 1059 1947 longitudo

21 1950 274 1999 geocenfflca,
307 1950 386 1988 sive
404 1949 511 1987 locus
537 1957 696 1987 cometae
721 1950 983 1999 geocentricus
1009 1949 1059 1987 ad

22 2002 236 2051 eclipticam
254 2002 446 2041 reductus.
508 2001 662 2041 Deinde
680 2001 721 2039 in
739 2002 932 2052 triangulo
960 2010 1057 2040 rect-

21 2056 168 2106 angulo
198 2056 237 2093 A
264 2069 288 2093 a
316 2056 365 2102 T,
399 2056 539 2093 dantur
565 2055 683 2093 latera
712 2054 791 2093 duo
819 2055 862 2092 in
888 2056 1060 2104 partibus

21 2108 224 2146 mediocris
263 2108 452 2146 distantiae
490 2108 659 2146 Telluris
693 2121 717 2145 a
755 2108 843 2145 Sole
883 2121 1059 2157 expressa.

23 2164 132 2212 (158.
155 2169 195 2199 et
211 2174 258 2199 ex
276 2161 424 2199 theoria
443 2160 642 2210 Telluris).
697 2159 828 2204 Quare
845 2160 1058 2199 innotescet

20 2214 189 2264 angulus
219 2216 256 2252 A
279 2214 316 2252 T
332 2227 367 2260 a,
395 2215 468 2252 hoc
494 2222 560 2258 est,
590 2221 748 2251 cometae
774 2213 937 2251 latitudo
964 2227 1053 2264 geo-

19 2267 196 2313 centrica‚
234 2267 402 2317 itemque
438 2267 591 2305 dabitur
625 2268 892 2316 hypothenusa
930 2267 967 2304 T
1002 2267 1052 2311 A,

19 2319 196 2358 distantia
215 2320 358 2358 scilicet
376 2328 535 2358 cometae
553 2333 577 2358 a
597 2317 729 2357 Terra.
777 2320 842 2357 Ex
854 2319 913 2356 his
927 2319 1055 2370 itaque

18 2380 122 2421 patet
147 2373 342 2423 quomodo
368 2373 417 2411 ad
443 2373 531 2411 data
548 2372 855 2410 observati-onum
872 2380 1056 2421 tempora,

18 2426 192 2464 instituto
211 2426 369 2470 calculo,
390 2426 474 2463 loca
493 2433 651 2463 cometae
666 2425 812 2474 possint
826 2426 1051 2472 computari·

23 2479 174 2516 Clariss,
201 2478 383 2516 Halleius
409 2478 546 2516 iisdem
564 2491 658 2515 usus
676 2478 873 2526 principiis
891 2478 941 2515 ad
960 2479 1052 2516 defi-

19 2532 179 2569 niendos
206 2540 444 2570 cometarum
470 2539 598 2569 motus
615 2530 785 2568 maximo
803 2531 930 2568 labore
948 2533 1059 2569 tabu-

19 2584 77 2622 las
95 2585 319 2623 construxit.
381 2585 537 2622 Harum
555 2583 773 2622 tabularum
800 2596 976 2636 normam
1003 2585 1059 2621 vi-

19 2638 108 2675 deat
126 2638 244 2676 lector
261 2637 303 2675 in
321 2637 492 2688 ejusdem
512 2636 747 2675 celeberrimi
764 2636 835 2673 viri
858 2637 1059 2685 OpuscuIO

18 2691 122 2741 quod
143 2690 383 2729 inscribitur:
420 2689 752 2741 Cometographiau
780 2702 849 2727 seu
871 2691 1058 2729 Astronu-

18 2744 107 2782 miae
131 2744 339 2782 Cometicae
361 2743 554 2793 Synopsis.

75 2802 160 2835 160.
189 2798 228 2835 Si
250 2804 409 2834 cometae
428 2797 568 2834 orbitas
586 2795 771 2846 ellipticas
789 2795 1001 2835 describere
1019 2804 1058 2834 et

19 2849 115 2887 duas
137 2850 297 2898 Kepleri
316 2849 420 2899 leges
439 2851 635 2888 observare
662 2857 866 2897 ponantur,
895 2852 967 2888 boc
986 2857 1054 2895 est,

17 2903 50 2939 si
69 2910 283 2951 temporum
308 2902 589 2951 periodicorum
607 2902 792 2952 quadrata
811 2903 887 2940 sint
905 2910 951 2940 ut
968 2903 1058 2940 cubi

17 2955 270 2993 mediocrium
289 2955 554 2993 distantiarum
572 2969 596 2994 a
617 2956 716 3001 Sole,
745 2964 783 2993 et
801 2968 899 2994 areae
917 2956 1056 3003 ellipti-

19 3021 74 3046 cae
93 3008 208 3046 radiis
227 3008 276 3046 ad
296 3008 424 3045 Solem
451 3008 577 3046 ductis
603 3009 680 3046 sint
706 3009 942 3057 temporibus
968 3021 1057 3057 pro-

20 3060 266 3111 portionales,
286 3060 398 3099 facile
416 3060 729 3099 determinabitur
747 3062 879 3100 orbitae
897 3062 1057 3100 cometi-

19 3127 75 3151 cae
95 3113 335 3164 magnitude,
357 3126 566 3164 omnesque
582 3113 711 3152 motfis
729 3123 965 3153 cometarum
985 3115 1056 3152 cir-

17 3167 257 3205 cumstantiae
276 3166 518 3213 definientur,
541 3167 646 3217 quod
659 3166 940 3217 elegantissime
957 3180 1055 3216 prae-

17 3220 113 3258 stitit
133 3221 188 3258 D.
214 3221 400 3271 Bouguer
426 3220 469 3256 in
498 3220 679 3258 Monum.
703 3220 823 3258 Paris.
846 3233 908 3258 an.
935 3224 1050 3260 17:33.

17 3273 215 3311 clarissimi
234 3273 305 3310 viri
322 3272 551 3310 methodum
567 3273 630 3310 hic
648 3271 916 3323 adjungemus

74 3326 139 3364 Ex
166 3326 265 3363 datis
291 3326 412 3364 tribus
438 3325 765 3364 observationibus
781 3339 804 3364 a
822 3339 863 3365 se
889 3326 1055 3365 invicem

17 3391 153 3427 parum
181 3378 418 3425 distantibus,
448 3378 665 3417 inveniatur
690 3386 850 3416 cometae
875 3379 1054 3417 velocitas

16 3432 58 3468 in
91 3431 221 3481 aliquo
251 3432 383 3469 orbitae
409 3443 489 3469 suae
514 3432 612 3477 loco,
642 3438 681 3470 et
707 3431 848 3482 exigua
876 3432 1050 3483 ejusdem

17 3484 149 3522 orbitae
176 3485 300 3532 portio
327 3483 613 3523 determinetur.
669 3485 867 3529 Quoniam
885 3485 959 3523 tria
984 3486 1051 3523 ob-

17 3537 273 3575 servationum
289 3535 461 3585 tempora
478 3550 615 3585 parum
630 3550 653 3576 a
666 3550 707 3576 se
717 3537 882 3576 invicem
896 3537 1049 3583 distant,

16 3590 141 3638 portio
168 3590 301 3627 orbitae
327 3591 399 3627 hoc
425 3590 607 3639 temporis
632 3590 832 3628 intervallo
863 3589 1049 3639 descripta

16 3642 246 3681 considerari
273 3643 412 3691 poterit
428 3650 611 3693 tanquam
630 3642 733 3681 linea
750 3651 852 3681 recta
868 3643 929 3680 vel
946 3643 1046 3692 ipsa-

16 3703 97 3733 met
132 3704 295 3747 tangens
331 3696 464 3733 orbitae
494 3703 605 3733 motu
638 3696 823 3733 uniformi
855 3708 1045 3745 percursa,

13 3748 179 3799 ideoque
214 3749 338 3797 portio
374 3750 456 3786 baec
493 3748 688 3786 rectilinea
722 3750 857 3788 orbitae
892 3756 930 3788 et
969 3750 1051 3797 ipsa

16 3810 174 3841 cometae
192 3802 370 3839 velocitas
384 3801 546 3838 inveniri
562 3810 743 3850 poterunt
757 3815 824 3850 per
837 3802 948 3841 Lem.
968 3802 1045 3841 IV.

17 3863 55 3893 et
72 3867 139 3903 per
156 3867 201 3893 ea
217 3867 304 3906 quae
321 3854 412 3893 huic
433 3855 628 3894 Lemmati
646 3854 875 3895 addidimus.
937 3855 1051 3894 Idem

1111 1908 1264 1946 quoque
1275 1895 1507 1935 obtinebitur
1517 1895 1662 1946 duplici
1673 1895 1956 1947 elegantissima
1968 1910 2005 1934 m
2013 1897 2156 1936 ethodo

1111 1962 1201 2000 quae
1217 1950 1260 1985 in
1280 1950 1464 1987 Menum.
1492 1950 1613 1987 Paris.
1635 1949 1720 1987 loco
1739 1951 1854 1988 citato
1873 1951 2026 2000 legitur.

1167 2002 1247 2039 His
1274 2002 1489 2050 praemissis,
1517 2003 1566 2040 sit
1596 2003 1622 2040 S
1644 2003 1719 2048 Sol,
1753 2003 1785 2040 C
1805 2016 1826 2041 c
1851 2004 1991 2053 exigua
2019 2003 2154 2042 orbitae

1113 2055 1310 2092 cometicae
1327 2055 1451 2104 portio
1470 2068 1515 2094 ex
1536 2056 1658 2093 tribus
1684 2057 2009 2094 observationibus
2028 2056 2154 2093 deter-

1111 2108 1267 2146 minata.
1326 2109 1523 2152 Quoniam
1543 2117 1633 2147 nota
1651 2117 1707 2146 est
1729 2111 1755 2147 S
1779 2110 1823 2155 C,
1854 2109 2035 2146 distantia
2054 2109 2153 2146 scili-

1112 2168 1173 2198 cet
1190 2167 1347 2199 comotae
1365 2174 1389 2198 a
1410 2161 1510 2207 Sole,
1540 2161 1654 2211 atque
1673 2163 1785 2199 etiam
1807 2162 2009 2199 innotescit
2027 2175 2153 2212 angu-

1110 2213 1174 2250 lus
1195 2214 1220 2249 S
1242 2214 1273 2250 C
1296 2214 1350 2258 D,
1379 2213 1530 2253 dabitur
1556 2214 1879 2263 perpendicularis
1901 2215 1927 2252 S
1951 2216 2006 2260 D,
2037 2216 2155 2265 hujus

1109 2265 1245 2316 anguli
1280 2266 1306 2302 S
1329 2267 1362 2304 C
1386 2268 1427 2304 D
1455 2268 1573 2313 sinus,
1602 2276 1756 2316 sumpto
1792 2268 1818 2305 S
1849 2269 1895 2314 C,
1927 2280 1997 2316 pro
2028 2268 2148 2306 radio.

1115 2319 1280 2357 Dicatur
1302 2319 1328 2356 S
1346 2320 1378 2358 C
1397 2336 1454 2355 =
1474 2333 1506 2364 a,
1532 2322 1557 2358 S
1582 2321 1621 2358 D
1636 2337 1693 2357 =
1708 2323 1744 2366 b,
1762 2320 1937 2371 designet
1957 2333 1989 2366 e,
2012 2322 2153 2369 spatio-

1115 2371 1201 2408 lum
1251 2372 1283 2410 C
1319 2384 1352 2419 c,
1399 2373 1642 2423 tempusculo
1686 2374 1708 2411 f
1747 2386 1982 2423 percurwrn,
2029 2374 2154 2424 sitque

1100 3656 1126 3680 x
1156 3659 1212 3680 =
1241 3643 1278 3681 A
1304 3643 1354 3689 B,
1389 3656 1458 3681 seu
1489 3642 1551 3680 axi
1582 3642 1783 3691 principali
1820 3642 1995 3692 ellipseos
2021 3654 2139 3693 quam

1102 3704 1250 3735 cometa
1268 3696 1367 3734 circa
1388 3696 1515 3734 Solem
1531 3696 1572 3732 in
1591 3695 1774 3734 umbilico
1792 3696 1830 3739 S,
1851 3697 2019 3745 positum
2036 3697 2136 3733 inte·

1104 3763 1176 3800 gro
1194 3757 1364 3798 tempore
1382 3747 1577 3798 periodico
1593 3757 1622 3795 t,
1643 3748 1833 3788 describit.
1889 3750 1944 3788 Ut
1962 3748 2142 3787 determi-

1104 3810 1246 3839 nentur
1259 3804 1489 3852 quantitates
1503 3814 1526 3839 x
1542 3809 1580 3840 et
1594 3811 1621 3848 t,
1642 3802 1813 3840 conferre
1828 3810 1975 3850 oportet
1990 3809 2142 3839 motum

1106 3863 1265 3894 cometae
1283 3868 1373 3893 cum
1392 3864 1502 3894 motu
1521 3856 1676 3907 cognito
1694 3856 1857 3905 planetae
1869 3855 2042 3906 alicujus.
2086 3854 2144 3892 Sit
