2540 4296
363 161 465 206 102
832 154 1405 209 PHILOSOPHIAE
1447 155 1901 208 NATURALIS
1976 156 2094 220 [DE
2125 156 2326 208 MUND.
2357 160 2509 211 SYsr.

358 307 533 364 partes
569 304 794 361 100000,
836 309 888 350 et
923 299 1112 350 referat
1150 299 1201 351 T
1240 300 1463 351 Terram
1501 308 1553 350 et
1590 299 1643 350 T
1670 299 1715 350 C
1742 297 2171 350 eccentricitatem
2198 299 2510 354 mediocrem

361 386 531 438 Lunae
554 387 780 456 partium
807 394 965 440 5505.
1031 387 1359 440 Producatur
1386 387 1438 440 T
1460 385 1504 438 C
1529 386 1598 439 ad
1624 385 1689 451 Β,
1716 397 1774 438 ut
1799 386 1865 438 sit
1893 386 1939 439 C
1967 386 2014 438 Β
2041 386 2181 439 sinus
2206 389 2509 458 aequationis

358 476 602 526 maximae
629 475 888 526 semestris
932 481 1052 525 1231‘.
1099 477 1196 528 18'.
1234 475 1300 527 ad
1337 494 1421 526 ra-

359 564 504 616 dium
530 566 582 617 T
601 566 663 627 C,
692 575 743 616 et
768 566 987 619 circulus
1017 567 1063 618 Β
1084 567 1140 619 D
1158 568 1209 619 A
1236 576 1414 619 centro
1468 619 1472 624 ,

361 656 426 717 C,
478 655 748 706 intervallo
801 656 846 707 C
892 656 938 708 Β
983 656 1269 726 descriptus
1321 657 1417 709 erit

359 744 618 814 epicyclus
656 745 743 796 ille
779 746 834 797 in
871 765 976 816 quo
1002 759 1237 799 centrum
1275 748 1415 799 orbis

357 835 553 886 lunaris
572 835 771 887 locatur
796 847 848 889 et
873 838 1160 889 secundum
1179 837 1415 889 ordinem

356 924 624 976 literarum
654 926 701 977 Β
726 926 783 978 D
811 927 862 978 A
886 928 1181 979 revolvitur.
1260 928 1418 997 Capi-

359 1025 475 1066 atur
512 1016 734 1087 angulus
763 1017 809 1068 Β
839 1018 885 1069 C
910 1018 966 1069 D
1004 1018 1216 1086 aequalis
1254 1018 1416 1087 duplo

358 1116 668 1175 argumento
685 1126 875 1170 annuo,
904 1126 995 1159 seu
1021 1107 1196 1175 duplae
1222 1107 1416 1160 distan-

359 1197 447 1248 tiae
472 1197 581 1248 veri
607 1198 708 1250 loci
738 1198 871 1250 Solis
897 1198 963 1248 ab
989 1216 1206 1269 apogaeo
1233 1200 1402 1252 Lunae
1429 1202 1584 1254 semel
1610 1212 1831 1273 aequatO,
1861 1212 1912 1255 et
1936 1204 2034 1256 erit
2062 1204 2107 1256 C
2129 1204 2180 1257 T
2205 1204 2260 1256 D
2287 1207 2508 1275 aequatio

359 1290 619 1341 semestris
663 1291 867 1361 apogaei
912 1290 1081 1342 Lunae
1126 1300 1177 1341 et
1221 1292 1273 1343 T
1313 1293 1368 1344 D
1414 1294 1762 1346 eccentricitas
1806 1294 1945 1346 orbis
1986 1296 2093 1364 ejus
2137 1296 2191 1345 in
2236 1314 2505 1366 apogaeum

357 1381 586 1432 secundo
612 1391 875 1449 aequatum
900 1380 1136 1432 tendens·
1172 1364 1178 1372 ⁸
1216 1381 1428 1434 Habitis
1454 1394 1628 1435 autem
1655 1384 1823 1436 Lunae
1848 1394 1994 1436 motu
2018 1384 2190 1436 medio
2216 1396 2266 1438 et
2290 1404 2508 1456 apogaeo

356 1481 408 1522 et
433 1470 828 1533 eccentricitate,
868 1481 927 1523 ut
963 1481 1015 1522 et
1052 1472 1191 1523 orbis
1218 1491 1315 1524 axe
1340 1476 1535 1543 majore
1559 1472 1781 1543 partium
1821 1482 2034 1528 200000
2049 1496 2063 1538 3
2103 1494 2168 1527 ex
2193 1476 2274 1527 his
2302 1487 2509 1528 eruetur

355 1580 507 1614 verus
526 1562 695 1614 Lunae
720 1563 863 1615 locus
888 1563 943 1613 in
968 1563 1095 1616 orbe
1121 1574 1173 1616 et
1198 1563 1440 1617 distantia
1459 1566 1567 1634 ejus
1594 1585 1625 1617 a
1651 1564 1835 1630 Terra,
1866 1564 1929 1635 (Κ)
1956 1566 2111 1637 idque
2126 1566 2506 1635 permethodos

354 1652 666 1704 notissimaS.

430 1739 484 1808 (¹)
538 1741 603 1792 In
646 1742 898 1809 perihelio
939 1742 1140 1805 Terrae,
1186 1751 1401 1812 propter
1443 1744 1693 1813 majorem
1731 1743 1837 1795 vim
1884 1743 2034 1806 solis,
2089 1753 2322 1796 centrum
2366 1745 2505 1796 orbis

357 1828 528 1881 Lunae
565 1830 792 1882 velocius
832 1841 1071 1882 movetur
1095 1831 1289 1883 circum
1328 1842 1563 1884 centrum
1610 1833 1655 1884 C
1699 1831 1854 1903 quam
1896 1833 1952 1883 in
1991 1832 2211 1901 aphelio,
2255 1833 2410 1902 idque
2453 1834 2506 1883 in

355 1916 609 1986 triplicata
649 1919 848 1971 ratione
886 1920 1144 1971 distantiae
1172 1920 1356 1972 Terrae
1395 1940 1427 1971 a
1473 1921 1594 1973 Sole
1619 1920 1834 1973 inverse.
1908 1922 1988 1992 (¹¹¹)
2036 1922 2123 1974 Ob
2163 1923 2506 1992 aequationem

356 2006 518 2058 centri
561 2007 693 2059 Solis
736 2008 790 2058 in
830 2018 1137 2079 argumento
1181 2028 1354 2060 annuo
1395 2009 1838 2079 comprehensam,
1882 2020 2116 2062 centrum
2156 2012 2295 2062 orbis
2337 2011 2505 2062 Lunae

354 2093 581 2147 velocius
608 2107 845 2148 movetur
872 2097 925 2146 in
954 2097 1185 2167 epicyclo
1215 2098 1260 2149 Β
1288 2098 1343 2149 D
1370 2099 1422 2149 A
1446 2098 1500 2148 in
1526 2081 1795 2167 duplicata*
1813 2099 2012 2151 ratione
2038 2099 2293 2151 distantiae
2321 2100 2504 2151 Terrae

352 2272 462 2310 sinus
493 2272 629 2323 anguli
659 2271 819 2310 maximi
851 2285 928 2322 quo
960 2271 1165 2310 discedunt
1200 2272 1348 2320 apsides
1379 2285 1403 2310 a
1456 2272 1542 2322 ejus
1571 2271 1848 2320 excentricitas,
1877 2282 2028 2312 motum
2057 2273 2187 2324 itaque
2219 2275 2339 2313 centri
2360 2275 2503 2314 'orbitae

351 2326 440 2364 loco
471 2326 626 2364 medio:
662 2338 755 2376 ergo
784 2325 939 2375 quando
975 2327 1010 2363 B
1047 2325 1079 2362 F
1108 2333 1164 2362 est
1195 2324 1398 2375 quadrans,
1455 2325 1600 2363 lunaris
1629 2325 1664 2363 F
1690 2325 1732 2362 in
1751 2326 1895 2364 circulo
1929 2327 1965 2364 B
1997 2327 2031 2364 F
2059 2328 2103 2364 H
2132 2328 2170 2365 A
2204 2328 2241 2363 vi
2273 2329 2386 2366 solari
2423 2342 2503 2367 esse

352 2377 520 2429 ide6que
539 2379 689 2428 apsides
707 2386 859 2416 octante
887 2392 910 2415 a
937 2377 1091 2428 syzygia
1110 2378 1264 2424 distant,
1294 2378 1404 2416 sinus
1458 2377 1634 2416 debitum
1652 2378 1786 2429 liquet,
1816 2392 1952 2418 omnes
1979 2378 2068 2418 ver&
2094 2392 2239 2419 errores
2258 2394 2304 2418 ex
2324 2382 2361 2418 vi
2389 2382 2503 2420 solari

352 2432 489 2483 anguli
521 2433 554 2470 F
576 2433 613 2470 T
636 2433 670 2470 B
704 2440 762 2470 est
792 2432 875 2480 ipsa
902 2432 1006 2469 linea
1043 2432 1074 2469 C
1097 2432 1133 2468 B
1166 2431 1244 2467 sive
1277 2429 1406 2483 1172}
1458 2439 1573 2476 ortos,
1596 2444 1677 2469 esse
1695 2430 1869 2480 proxime
1887 2432 1929 2470 in
1947 2432 2137 2481 triplicata
2149 2433 2298 2471 ratione
2311 2434 2500 2472 distantiae
2520 2443 2530 2449 ‘

352 2486 450 2523 dum
468 2485 600 2524 radius
616 2486 652 2523 T
672 2485 703 2523 F
718 2493 775 2522 est
794 2485 953 2535 aequalis
970 2486 1006 2524 T
1022 2486 1053 2523 C
1073 2484 1151 2523 sive
1170 2485 1288 2530 5505,
1311 2496 1405 2535 ergo
1461 2485 1592 2523 Terrae
1610 2498 1635 2523 a
1655 2485 1745 2524 Sole
1762 2486 1905 2535 saepius
1918 2487 2160 2525 observatum
2178 2494 2246 2535 est,
2266 2487 2357 2526 hinc
2372 2495 2500 2526 motus

352 2552 400 2577 eo
425 2539 469 2576 in
496 2552 588 2576 casu
608 2539 780 2589 angulus
812 2539 844 2575 F
867 2539 902 2576 T
925 2539 960 2576 B

353 2600 412 2630 est
431 2605 544 2630 verus
558 2592 747 2630 discessus
765 2591 879 2628 lineae
898 2604 964 2640 ap·
1470 2611 1489 2614 ·-
1714 2594 1761 2599 ”“”“
1819 2596 1827 2600 ”
1858 2597 1877 2600 ”’
2218 2623 2252 2660 F

353 2646 484 2683 sidum
512 2659 536 2683 a
562 2658 633 2683 suo
651 2646 738 2683 loco
756 2645 898 2691 medio,
926 2653 965 2683 et
1455 2655 1473 2663 ·’
2125 2663 2128 2665 v

350 2700 455 2749 jacet
477 2700 513 2737 T
536 2699 570 2737 F
599 2699 639 2736 in
668 2697 758 2736 vera
777 2698 967 2747 positione

353 2753 469 2790 lineae
487 2752 679 2801 apsidum,
701 2760 739 2789 et
758 2751 851 2789 curn
873 2752 909 2789 T
931 2752 966 2789 F

354 2806 404 2844 sit
435 2806 702 2843 excentricitas
733 2818 779 2842 eo
810 2807 851 2841 in
880 2804 969 2842 loco

354 2867 413 2897 est
435 2859 468 2897 F
487 2860 528 2895 in
542 2857 627 2908 ipsa
640 2858 829 2907 positione
845 2858 966 2896 centri

354 2913 488 2950 orbitae
509 2912 677 2959 lunaris3
709 2911 812 2950 idem
832 2911 961 2960 proxi-

353 2965 419 3004 me
452 2965 602 3004 eveniet
638 2966 679 3002 in
716 2964 852 3015 quovis
887 2964 965 3002 alio
1032 2974 1078 3022 T

354 3019 441 3057 loco
464 3019 521 3066 F;
551 3031 644 3056 nam
664 3017 755 3056 cum
779 3018 962 3068 aequatio-

353 3085 424 3111 nes
450 3072 600 3124 apogaei
629 3074 735 3123 (pag.
770 3071 856 3120 91.)
888 3072 966 3109 sint

354 3133 401 3164 ut
419 3125 527 3163 sinus
546 3138 657 3164 arcus
676 3125 790 3173 dupli
818 3124 964 3161 distan-

353 3179 419 3217 tiae
431 3178 573 3227 apsidis
592 3192 615 3216 a
637 3179 737 3225 Sole,
757 3186 795 3216 et
810 3178 858 3215 sit
876 3178 908 3216 F
926 3178 963 3215 B

354 3245 467 3271 arcus
489 3232 634 3281 duplus
653 3231 845 3270 distantiae
864 3231 964 3280 apsi-

354 3285 416 3324 dis
433 3299 457 3324 a
479 3285 568 3324 Sole
586 3293 625 3324 et
647 3286 680 3323 F
698 3286 734 3323 E
748 3285 832 3335 ejus
843 3285 960 3329 sinus,
1083 3326 1093 3334 ,
1562 3321 1573 3330 ,
1718 3321 1728 3329 ,
1912 3320 1922 3328 ,
1964 3320 1972 3328 ,
2045 3320 2053 3327 ,
2473 3316 2489 3330 Α

354 3339 521 3390 aequafio
539 3338 709 3377 maxima
732 3338 831 3376 123¹,
858 3338 928 3375 18¹.
957 3330 1112 3369 debebit
1130 3339 1210 3364 esse
1237 3323 1286 3363 ad
1313 3336 1398 3362 eam
1453 3328 1574 3360 centn
1596 3320 1630 3360 F
1648 3323 1780 3359 orbxtae
1797 3320 1942 3358 lunaris
1961 3333 2001 3357 m
2021 3320 2165 3358 clrculo
2194 3320 2230 3359 B
2256 3318 2288 3357 F
2311 3318 2356 3356 H
2380 3319 2418 3356 A
2446 3332 2493 3356 ea

353 3405 443 3443 quae
461 3393 553 3431 huic
572 3392 658 3430 1000
682 3392 716 3430 F
733 3391 916 3440 competit
932 3399 977 3429 ut
1000 3394 1032 3428 B
1056 3384 1088 3421 C
1117 3380 1165 3418 ad
1196 3379 1230 3417 F
1250 3379 1301 3422 E,
1331 3376 1398 3415 sed
1451 3374 1696 3424 proportione
1714 3374 1847 3436 variari
1866 3373 1989 3411 debet.
2080 3428 2087 3435 ⁸
2167 3429 2175 3436 ι
2219 3428 2225 3435 ¹

353 3446 395 3482 ir.
415 3444 462 3484 ea
478 3444 652 3495 proxim&
670 3453 762 3483 sunt
779 3445 926 3483 ratione
940 3441 1076 3495 anguli
1089 3446 1224 3472 omnes
1243 3433 1275 3470 F
1292 3431 1328 3469 T
1345 3431 1394 3474 B,
1509 3427 1575 3479 (¹¹¹)
1601 3431 1620 3452 ³*
1641 3429 1690 3466 Ob
1705 3435 1952 3477 oequatwnem
1965 3434 2086 3465 centrz
2100 3429 2190 3465 Solzs
2210 3439 2249 3462 m
2270 3432 2493 3474 argumento
2517 3470 2522 3473 j

354 3498 446 3538 hinc
465 3500 593 3550 itaque
611 3507 667 3537 est
687 3512 802 3548 quam
823 3497 998 3547 proxime
1021 3498 1057 3535 T
1080 3493 1113 3531 F
1130 3491 1171 3528 in
1190 3485 1279 3526 vera
1296 3484 1398 3536 posi-
1453 3496 1585 3519 annuo
1604 3483 1919 3530 comprehensam,
1935 3481 2007 3517 &c·
2050 3481 2177 3517 Arcus
2200 3479 2232 3516 F
2249 3478 2285 3516 B
2305 3477 2365 3514 vel
2383 3489 2494 3537 arcus

354 3551 459 3590 tione
479 3552 591 3591 lineae
610 3552 787 3602 apsidum
807 3559 846 3589 et
869 3552 900 3589 F
919 3559 1095 3589 centrum
1116 3543 1262 3581 orbitae.
1457 3535 1493 3572 B
1513 3535 1553 3571 D
1573 3533 1613 3570 in
1634 3531 1761 3583 figura
1774 3532 1901 3570 textfis
1919 3541 1976 3571 est
1993 3533 2136 3582 duplus
2149 3530 2337 3592 distantiae
2351 3529 2493 3590 apsndls

410 3605 469 3656 (k)
492 3609 513 3630 κε
538 3610 616 3645 Per
634 3608 821 3645 methodos
838 3607 1063 3644 notissimas,
1126 3598 1191 3636 De
1209 3595 1255 3633 iis
1273 3592 1401 3643 agitur
1454 3600 1479 3624 a
1504 3585 1671 3637 syzygia,
1701 3587 1774 3623 hoc
1803 3594 1870 3632 est,
1905 3586 2049 3635 duplus
2079 3585 2268 3645 distantiae
2298 3583 2439 3630 apsndzs
2463 3596 2494 3643 ‘a

356 3657 447 3696 Lib,
471 3660 508 3697 1,
530 3660 610 3697 pro
669 3659 846 3697 XXXI,
1457 3640 1560 3686 Sole,
1593 3641 1722 3689 itaque
1739 3648 1928 3687 punctum
1961 3639 1995 3677 F
2022 3639 2216 3676 invenitur
2232 3636 2362 3674 locum
2394 3635 2494 3674 Sohs

410 3712 460 3762 (1)
493 3714 513 3736 ιι
536 3714 590 3751 In
611 3672 806 3762 {gen-helio,
869 3711 911 3750 Si
941 3710 1051 3748 nulla
1077 3714 1174 3746 esset
1200 3701 1256 3739 vis
1286 3697 1396 3743 Solis,
1453 3706 1478 3730 a
1495 3692 1581 3730 loco
1607 3689 1748 3741 apsidis
1774 3692 1956 3737 tollendo,
1985 3690 2127 3729 residui
2154 3690 2195 3726 in
2221 3688 2493 3738 consequentia

353 3766 596 3816 quiescerent
610 3764 760 3815 apsides
773 3764 906 3804 orbjtae
916 3763 1076 3809 lunaris,
1096 3773 1168 3799 nec
1186 3758 1400 3797 mutaretur
1454 3745 1620 3795 duplum
1639 3754 1696 3784 est
1713 3758 1824 3784 arcus
1845 3746 1882 3784 B
1905 3745 1949 3791 F,
1970 3751 2008 3783 et
2025 3743 2067 3782 id
2085 3743 2280 3782 residuum
2299 3751 2356 3780 est
2375 3754 2492 3792 argu-
