2540 4296
165 328 171 334 .
237 284 337 330 126
762 276 1330 340 PHILOSOPHIAE
1371 276 1825 335 NATURALIS
1863 283 1982 349 [DE
2007 248 2407 338 MumsYsTs

232 421 506 493 colligitur.
587 424 753 476 Sunto
790 432 841 471 ‘Y’
874 423 928 485 Q
953 423 1022 486 A,
1063 431 1114 470 ‘Y'
1145 423 1198 484 Q
1227 423 1289 486 B,
1331 432 1382 470 ‘V'
1413 424 1466 486 Q
1496 425 1541 476 C
1578 427 1863 478 observatae
1896 436 1998 478 tres
2036 427 2383 498 longitudines

232 523 447 564 cometae
486 513 583 564 sub
619 512 767 564 initio
802 512 991 576 motus,
1031 513 1197 583 sitque
1232 522 1282 559 ‘V'
1314 512 1368 574 Q
1397 513 1440 564 F
1476 513 1748 586 longitudo
1772 514 1955 567 ultimo
1981 516 2263 579 observata,
2294 518 2382 568 ubi

232 612 432 653 cometa
468 601 631 652 videri
667 601 874 653 desinit.
951 601 1014 671 (Β)
1043 602 1249 672 Agatur
1284 611 1425 652 recta
1453 602 1504 653 A
1535 603 1581 655 B
1610 604 1671 669 C,
1706 605 1849 675 cujus
1875 614 2046 674 partes
2075 605 2123 656 A
2155 606 2216 667 B,
2260 605 2306 657 Β
2337 606 2383 658 C

229 690 382 741 rectis
409 689 463 750 Q
489 689 540 740 A
566 698 617 741 et
644 689 700 751 Q
727 688 791 753 B,
827 689 881 752 Q
909 689 956 742 Β
983 699 1035 742 et
1062 689 1114 751 Q
1145 690 1189 742 C
1227 691 1386 741 inter·-

220 779 392 847 jectae,
435 778 534 830 sint
559 778 627 830 ad
654 778 873 831 invicem
901 789 959 831 ut
983 790 1217 849 tempora
1252 780 1386 832 inter
1464 812 1546 819 --

231 868 615 921 observationes
640 880 744 921 tres
770 871 980 938 primas.
1059 870 1386 922 Producatur

232 956 282 1007 A
314 957 358 1008 C
386 956 452 1008 ad
482 957 552 1020 G,
592 968 649 1010 ut
675 957 740 1010 sit
768 959 817 1009 A
847 958 900 1011 G
926 958 992 1010 ad
1020 959 1070 1010 A
1101 958 1146 1010 B
1172 968 1231 1010 ut
1256 969 1383 1010 tem-

228 1065 328 1116 pus
355 1049 490 1100 inter
511 1050 924 1101 observationem
949 1049 1171 1118 primam
1190 1059 1242 1101 et
1266 1050 1385 1101 ulti-

228 1157 372 1191 mam
416 1140 484 1192 ad
533 1151 738 1210 tempus
789 1142 925 1192 inter
975 1140 1386 1192 observationem

229 1229 455 1297 primam
481 1240 533 1282 et
558 1229 856 1293 secundam,
885 1239 937 1280 et
953 1229 1205 1300 jungatur
1233 1229 1286 1291 Q
1314 1230 1383 1282 G.

232 1319 305 1371 Et
342 1321 384 1372 si
422 1331 625 1372 cometa
648 1329 945 1371 moveretur
970 1318 1295 1371 uniformiter
1332 1320 1386 1370 in

225 1408 364 1462 linea
392 1409 549 1472 recta,
590 1420 745 1479 atque
771 1409 942 1460 Terra
976 1409 1055 1461 vel
1097 1409 1398 1480 quiesceret,
1437 1410 1518 1462 vel
1552 1411 1707 1463 etiam
1731 1412 1786 1462 in
1811 1411 1947 1464 linea
1974 1411 2111 1464 recta
2140 1413 2381 1465 uniformi

226 1524 347 1557 cum
383 1516 530 1557 motu
567 1505 990 1575 progrederetur,
1032 1504 1167 1556 foret
1203 1505 1424 1576 angulus
1462 1515 1513 1553 ‘V‘
1546 1506 1600 1568 Q
1626 1506 1680 1559 G
1716 1506 1990 1578 longitudo
2016 1518 2230 1559 cometae
2256 1518 2386 1557 tem-

226 1613 357 1664 pore
391 1594 767 1646 observationis
804 1593 1018 1645 ultimae.
1095 1593 1337 1664 Angulus
1377 1594 1534 1665 igitur
1577 1595 1622 1646 F
1660 1595 1713 1656 Q
1754 1595 1824 1658 G,
1871 1595 1960 1666 qui
1999 1595 2384 1667 longitudinum

228 1684 518 1736 differentia
554 1693 646 1746 est,
688 1683 852 1734 oritur
890 1683 956 1735 ab
994 1682 1342 1753 inaequalitate
1380 1694 1616 1735 motuum
1654 1694 1869 1736 cometoe
1902 1703 1962 1736 ac
2000 1684 2199 1735 Terrae.
2278 1683 2387 1734 Hic

229 1787 402 1829 autem
427 1777 667 1848 angulus,
698 1777 740 1828 si
768 1776 937 1828 Terra
963 1786 1014 1827 et
1039 1785 1239 1827 cometa
1264 1775 1318 1826 in
1345 1776 1625 1827 contrarias
1651 1786 1823 1843 partes
1849 1785 2137 1837 moventur,
2179 1774 2388 1825 additur

225 1866 419 1936 angulo
446 1876 497 1913 Ὗ·
529 1865 582 1927 Q
610 1866 679 1928 G,
721 1875 774 1916 et
799 1865 871 1916 sic
896 1874 1095 1915 motum
1122 1875 1460 1933 apparentem
1488 1875 1702 1916 cometae
1728 1864 2040 1916 velociorem
2067 1863 2265 1915 reddit:
2308 1864 2386 1914 sin

225 1966 426 2008 cometa
449 1957 622 2027 pergit
646 1956 700 2006 in
726 1955 934 2006 easdem
959 1965 1132 2022 partes
1160 1973 1279 2005 cum
1309 1953 1492 2017 Terra,
1527 1953 1694 2005 eidem
1722 1938 2043 2017 subducitur,
2084 1962 2387 2022 motumque

229 2057 448 2098 cometae
484 2047 565 2098 vel
604 2046 884 2097 tardiorem
911 2038 1099 2107 reddit,
1138 2043 1220 2096 vel
1244 2042 1377 2096 forte
1402 2044 1795 2115 retrogradum3
1837 2043 1901 2113 (b)
1929 2043 2004 2094 uti
2041 2041 2200 2094 modo
2226 2060 2386 2110 expo·

228 2137 323 2188 sui.
402 2136 587 2188 Oritur
620 2136 778 2206 igitur
806 2134 892 2185 hic
918 2133 1139 2203 angulus
1174 2119 1439 2201 praecipue
1466 2151 1531 2184 ex
1557 2143 1701 2183 motu
1729 2132 1928 2195 Terrae,
1970 2141 2022 2183 et
2056 2131 2251 2182 idcirco
2287 2149 2385 2199 pro

228 2225 486 2295 parallaxi
512 2234 729 2276 cometae
755 2221 939 2274 merito
964 2221 1236 2273 habendus
1263 2230 1354 2284 est,
1395 2220 1632 2292 neglecto
1657 2219 1893 2273 videlicet
1919 2220 2027 2290 ejus
2064 2220 2385 2271 incremento

225 2395 249 2419 n
269 2383 321 2435 -ξ-
338 2394 363 2420 r.
415 2382 489 2419 Est
503 2379 624 2431 igitur
643 2380 693 2418 M
712 2380 749 2419 Ο
764 2379 813 2418 ad
832 2378 869 2418 Ο
889 2379 930 2417 Κ
946 2386 991 2416 ut
1007 2391 1027 2415 r
1040 2377 1089 2416 ad
1103 2391 1143 2416 m
1161 2378 1214 2429 -ι-
1229 2390 1269 2416 η.
1344 2385 1383 2417 et
1404 2378 1440 2416 B
1460 2378 1512 2425 G,
1532 2378 1666 2427 utpote
1680 2379 1863 2417 habentes
1874 2378 2002 2416 datam
2019 2377 2206 2416 rationem
2222 2377 2271 2415 ad
2290 2378 2324 2416 B
2341 2378 2382 2416 D

230 2437 376 2484 Quare,
406 2434 615 2474 dividendo
632 2443 671 2474 et
689 2448 735 2474 e‘x
756 2446 876 2487 aequO,
906 2441 983 2472 tres
999 2440 1113 2471 rectae
1142 2432 1190 2470 M
1214 2432 1268 2478 O,
1343 2440 1382 2470 et
1414 2434 1452 2470 R
1475 2434 1525 2470 A.
1579 2432 1673 2472 Jam
1692 2430 1781 2470 vero
1799 2432 1838 2468 in
1859 2431 2056 2483 triangulo
2088 2432 2127 2469 R
2149 2432 2185 2469 B
2209 2431 2254 2477 F,
2285 2431 2384 2469 datis

1343 2486 1525 2524 lateribus
1559 2486 1595 2524 B
1633 2486 1685 2531 R,
1720 2486 1755 2524 B
1793 2485 1838 2532 F,
1870 2498 1961 2523 cum
1993 2485 2140 2535 angulo
2171 2485 2383 2533 intercepto

1347 2540 1386 2578 R
1404 2541 1439 2579 B
1471 2539 1514 2583 F,
1550 2539 1692 2577 dantur
1719 2538 1820 2577 latus
1852 2540 1891 2578 R
1915 2539 1948 2577 F
1974 2546 2013 2576 et
2039 2537 2207 2589 angulus
2236 2538 2274 2576 R
2294 2537 2326 2575 F
2344 2538 2381 2576 B

1341 2606 1386 2632 ac
1422 2591 1584 2643 proinde
1630 2593 1745 2630 etiam
1791 2592 1907 2631 datur
1948 2592 2117 2642 angulus
2166 2591 2206 2635 Q
2246 2591 2278 2629 F
2317 2592 2375 2629 H.

1344 2647 1528 2685 Similiter
1556 2646 1597 2683 in
1625 2646 1821 2696 triangulo
1856 2646 1899 2690 Q
1923 2646 1958 2684 B
1988 2646 2040 2692 G,
2074 2644 2171 2682 datis
2200 2644 2382 2682 lateribus

1344 2701 1386 2745 Q
1406 2702 1454 2748 B,
1480 2701 1515 2738 B
1540 2701 1590 2747 G,
1612 2707 1650 2737 et
1668 2699 1814 2750 angulo
1836 2700 1876 2744 Q
1897 2700 1932 2738 B
1959 2699 2009 2745 G,
2040 2698 2195 2736 dabitur
2212 2698 2381 2748 angulus

1344 2755 1379 2791 B
1404 2756 1445 2799 Q
1466 2754 1501 2792 G
1519 2767 1530 2800 3
1559 2752 1678 2803 quare
1697 2753 1736 2789 in
1758 2752 1951 2803 triangulo
1970 2753 2008 2797 Q
2031 2750 2065 2790 F
2086 2751 2144 2797 H,
2165 2750 2263 2789 datis
2282 2751 2380 2788 duo-

1339 2808 1414 2846 bus
1431 2807 1585 2857 angulis
1608 2807 1649 2851 Q
1669 2806 1702 2845 F
1724 2806 1781 2852 H,
1816 2806 1848 2843 F
1871 2806 1911 2849 Ω
1932 2806 1988 2850 Η,
2019 2818 2110 2843 cum
2129 2805 2245 2842 latere
2268 2805 2310 2849 Q
2332 2804 2377 2851 F,

1339 2861 1446 2911 quod
1472 2869 1529 2898 est
1556 2873 1708 2898 summa
1737 2859 1795 2898 vel
1823 2858 2037 2897 differentia
2061 2866 2253 2904 rectarum
2271 2857 2380 2895 data-

1339 2926 1427 2952 rum
1451 2915 1492 2958 Q
1509 2915 1558 2960 B,
1584 2914 1625 2958 Q
1641 2913 1673 2951 F
1691 2913 1902 2950 innotescet
1921 2912 2020 2950 latus
2043 2912 2085 2956 Q
2100 2912 2158 2949 H.
2202 2911 2377 2949 Tandem

1339 2967 1382 3004 in
1400 2966 1596 3018 triangulo
1618 2967 1660 3011 Q
1679 2967 1722 3004 H
1746 2967 1805 3011 M,
1835 2966 1931 3003 dato
1943 2962 2090 3015 angulo
2112 2964 2156 3002 H
2182 2965 2223 3009 Q
2245 2965 2292 3002 M
2310 2963 2379 3014 qui

1340 3028 1398 3058 est
1424 3033 1578 3057 summa
1605 3020 1666 3057 vel
1693 3019 1908 3057 differentia
1935 3028 2115 3056 notorum
2143 3018 2378 3069 angulorum

1344 3074 1379 3112 B
1405 3074 1445 3118 Q
1466 3076 1516 3118 A,
1550 3074 1593 3111 H
1619 3074 1661 3118 Q
1680 3073 1730 3118 B,
1752 3072 1918 3122 datoque
1937 3071 2083 3122 angulo
2107 3072 2148 3116 Q
2166 3072 2212 3108 M
2239 3071 2281 3108 H
2310 3071 2376 3121 qui

1340 3125 2044 3225 {331³0¹³⁵2{³⁵‘1?¹¹{¹2'1¹12t22{3n{²³²1523}
2074 3124 2379 3221 {imiiquffif

1609 3207 1619 3225 2
2200 3207 2209 3224 τ
2367 3205 2375 3214 ·

1344 3233 1468 3271 Simili
1497 3246 1651 3281 prorsus
1677 3232 1794 3270 modo
1821 3231 2066 3270 invenientur
2094 3231 2213 3268 latera
2248 3231 2287 3268 R
2322 3229 2378 3276 K,

1345 3288 1388 3325 H
1414 3287 1469 3333 K,
1499 3286 1539 3323 in
1568 3287 1764 3336 triangulo
1796 3285 1835 3323 R
1858 3286 1899 3322 K
1922 3285 1980 3322 H.
2041 3284 2171 3335 Igitur
2197 3283 2239 3320 in
2258 3283 2379 3321 trian-

1341 3339 1437 3392 gulo
1466 3340 1513 3377 M
1537 3340 1579 3377 H
1604 3340 1658 3387 K,
1687 3338 1788 3377 notis
1816 3337 1996 3376 lateribus
2027 3338 2069 3375 H
2092 3338 2154 3383 M,
2187 3337 2231 3374 H
2255 3336 2310 3382 K,
2340 3344 2380 3374 et

1343 3392 1489 3444 angulo
1507 3392 1719 3441 intercepto
1749 3391 1795 3430 M
1819 3392 1863 3429 H
1888 3391 1941 3437 K,
1971 3391 2038 3443 qui
2056 3390 2213 3440 aequalis
2231 3396 2287 3427 est
2311 3401 2380 3426 an-

1343 3447 1437 3498 gulo
1455 3445 1545 3483 dato
1566 3447 1604 3485 A
1628 3447 1663 3485 B
1687 3446 1736 3491 Q,
1764 3444 2002 3483 innotescent
2021 3443 2154 3494 anguli
2186 3443 2229 3480 H
2252 3443 2300 3480 M
2323 3440 2379 3487 K,

1348 3501 1390 3537 H
1416 3500 1457 3537 K
1480 3499 1526 3537 M
1556 3508 1594 3537 et
1620 3500 1719 3537 basis
1749 3499 1796 3536 M
1820 3498 1875 3536 K.
1938 3498 2052 3536 Datis
2076 3505 2206 3534 autem
2225 3495 2380 3546 angulis

1347 3553 1391 3591 H
1415 3554 1462 3591 M
1487 3555 1538 3598 Q,
1571 3553 1615 3590 H
1640 3553 1687 3590 M
1710 3552 1764 3595 K,
1795 3551 1950 3589 dabitur
1974 3553 2115 3588 horum
2142 3561 2293 3586 summa
2320 3547 2382 3585 vel

242 3618 280 3658 Ο
303 3618 359 3665 N,
389 3617 430 3656 N
453 3616 509 3661 K,
538 3621 631 3653 sunt
656 3612 697 3651 in
725 3610 861 3651 eadem
879 3612 1027 3651 ratione
1046 3624 1135 3650 cum
1156 3611 1277 3649 tribus
1345 3607 1560 3646 differentia
1583 3607 1625 3651 Q
1643 3606 1691 3643 M
1715 3605 1769 3651 K,
1798 3606 1871 3642 hoc
1888 3612 1945 3642 est
1963 3603 2100 3652 positio
2118 3610 2232 3640 rectae
2253 3602 2300 3638 M
2323 3600 2379 3646 K,

234 3670 515 3721 quantitatibus
533 3681 586 3715 m,
607 3681 646 3713 n,
667 3680 698 3705 r.
759 3666 872 3705 Idem
891 3665 935 3703 fit
953 3663 1277 3716 trigonometrice.
1345 3662 1394 3698 ob
1413 3669 1554 3699 rectam
1579 3661 1620 3704 Q
1635 3659 1694 3704 M,
1715 3657 1903 3706 positione
1921 3659 2060 3695 datam.
2122 3654 2246 3692 Simili
2264 3653 2382 3691 modo

236 3723 342 3762 Nam
373 3731 562 3761 rectarum
595 3729 760 3771 quatuor
789 3719 964 3757 datarum
1002 3719 1044 3763 Q
1076 3718 1129 3764 A,
1160 3718 1202 3762 Q
1225 3718 1274 3762 B,
1347 3721 1458 3751 rectae
1490 3715 1530 3758 Q
1551 3713 1602 3758 O,
1637 3713 1675 3750 R
1698 3712 1748 3756 N,
1784 3712 1822 3749 R
1845 3711 1886 3749 K
1915 3719 1954 3748 et
1980 3708 2242 3769 anguli-quos.
2267 3708 2313 3744 M
2338 3706 2380 3744 K

209 3768 215 3772 ⁵
238 3777 276 3815 R
301 3777 350 3821 B,
378 3777 414 3814 R
431 3777 485 3822 D,
506 3775 650 3812 damur
667 3773 954 3811 intersectioues
972 3783 1106 3809 omnes
1124 3783 1169 3809 ac
1187 3782 1277 3819 pro-
1345 3779 1435 3805 cum
1450 3767 1510 3804 his
1521 3765 1632 3804 rectis
1646 3765 1771 3806 efficit.
1789 3764 2101 3814 trigonometnce
2116 3767 2378 3799 inveniuntur.

232 3828 325 3866 inde
350 3836 462 3866 rectae
493 3829 533 3873 Q
554 3828 603 3873 B,
629 3828 669 3865 D
694 3826 743 3871 B,
769 3827 807 3864 R
830 3826 878 3869 Β,
905 3825 940 3862 Β
965 3825 1014 3869 A,
1040 3824 1078 3862 R
1101 3825 1155 3871 D,
1184 3830 1277 3860 sunt
1370 3844 1373 3846 -
1401 3819 1457 3871 (²)
1480 3823 1501 3844 ¹*
1524 3823 1681 3868 Agatur
1698 3825 1801 3857 recta
1822 3820 1859 3855 A
1879 3819 1918 3855 B
1939 3819 1979 3855 C.
2037 3812 2170 3864 (129.)

233 3881 505 3932 magnitudine
524 3881 634 3918 datae.
690 3876 882 3916 Praeterea
897 3876 1039 3914 dantur
1053 3877 1170 3915 etiam
1192 3877 1227 3914 B
1245 3875 1278 3914 F
1399 3873 1455 3925 (b)
1480 3875 1501 3898 *
1531 3874 1598 3913 Uti
1614 3871 1723 3911 ηιοάὸ
1742 3871 1901 3921 exposui.
1955 3867 2091 3921 (128.)
