2540 4296
283 265 384 312 186
790 252 1362 310 PHILOSOPHIAE
1401 251 1858 313 NATURALIS
1909 252 2028 318 [DE
2048 251 2253 305 thn.
2278 254 2432 307 SYsT.

275 402 364 471 qui
387 418 449 451 ex
473 398 533 450 eli
559 399 716 450 exivit
740 399 887 448 valde
912 399 1077 448 clarus
1101 405 1151 447 et
1175 397 1321 463 quasi
1345 396 1521 463 ingens
1545 395 1683 455 trabs
1709 396 1780 445 ad
1802 395 2040 445 orientem
2067 402 2115 445 et
2152 395 2434 462 aquilonem

273 489 524 551 tendebat,
570 497 629 538 ut
666 485 824 537 habet
868 485 1023 536 etiam
1064 484 1320 536 Hevelius
1363 502 1430 535 ex
1454 482 1718 535 simeone
1758 483 2106 536 Dunelmensi
2146 483 2432 536 MonachO.

276 576 541 646 Apparuit
565 574 713 625 initio
739 574 931 625 mensis
959 573 1248 637 Februarii,
1277 591 1337 624 ac
1363 572 1605 641 deinceps
1630 573 1768 625 circa
1788 590 2074 641 vesperam,
2103 572 2170 623 ad
2194 590 2435 628 occasum

286 665 423 719 Solis
459 663 764 715 brumalem.
841 661 974 714 Inde
1012 661 1138 715 vero
1164 671 1216 714 et
1240 680 1307 714 ex
1333 662 1434 713 situ
1460 661 1641 714 caudae
1668 662 1927 733 colligitur
1953 672 2108 730 caput
2133 661 2289 714 fuisse
2326 662 2436 715 Soli

274 754 520 806 vicinum.
615 752 666 803 A
691 753 819 814 Sole,
847 751 1017 821 inquit
1044 751 1332 803 Matthaeus
1363 750 1683 814 ParisiensiS,
1711 753 1934 803 distabat
1961 753 2106 819 quasi
2130 751 2295 802 cubito
2317 769 2433 814 un0,

274 846 339 897 ab
372 843 500 896 Ιιονά
537 842 694 895 tertia
734 840 945 911 (rectius
973 841 1141 907 sexta)
1179 860 1330 910 usque
1354 843 1426 893 ad
1447 825 1623 892 horam
1648 859 1831 893 nonam
1854 843 2054 893 radium
2082 860 2143 891 ex
2165 860 2216 892 se
2240 843 2438 910 longum

274 936 515 987 emittens.
571 932 715 986 Talis
742 933 899 985 etiam
925 943 1035 985 erat
1060 920 1450 985 ardentissimus
1475 931 1562 984 ille
1587 942 1789 985 cometa
1813 932 1878 984 ab
1905 932 2187 984 Aristotele
2209 932 2438 1002 descrip-

272 1035 357 1077 tus
385 1024 504 1076 Lib.
536 1024 579 1076 1.
609 1022 837 1075 Meteor.
866 1022 982 1086 VL,
1010 1022 1147 1091 cujus
1171 1029 1323 1089 caput
1348 1024 1522 1089 primo
1546 1022 1631 1073 die
1654 1039 1754 1073 non
1781 1029 2085 1088 conspectum
2111 1029 2197 1084 est,
2227 1040 2282 1072 eo
2308 1025 2440 1090 quod

232 1110 246 1122 ⁸
271 1125 391 1168 ante
433 1118 593 1169 Solem
633 1118 711 1168 vel
749 1118 924 1168 saltem
967 1115 1055 1167 sub
1096 1116 1263 1166 radiis
1301 1091 1550 1166 solaribus
1588 1114 1861 1176 occidisset,
1906 1121 2135 1180 sequente
2185 1110 2300 1164 vero
2354 1115 2437 1166 die

276 1216 516 1277 quantum
543 1209 718 1275 potuit
755 1208 910 1259 visum
948 1213 1037 1258 est.
1113 1205 1251 1256 Nam
1278 1223 1424 1274 quam
1449 1205 1658 1256 minima
1661 1205 1798 1271 fieri
1811 1210 1981 1271 potest
2006 1203 2255 1254 distantia
2280 1204 2437 1256 Solem

280 1300 507 1367 reliquit,
536 1305 585 1349 et
609 1316 721 1349 mox
745 1297 983 1348 occubuit.
1041 1295 1118 1349 Oh
1141 1298 1348 1348 nimium
1375 1298 1606 1348 ardorem
1634 1295 1837 1366 (caudae
1863 1294 2075 1359 scilicet)
2102 1296 2320 1346 nondum
2345 1312 2438 1361 ap-

266 1388 488 1456 parebat
523 1388 709 1454 capitis
743 1404 946 1454 sparsus
982 1387 1132 1455 ignis,
1165 1388 1254 1437 sed
1278 1387 1583 1453 procedente
1607 1394 1825 1453 tempore
1859 1384 1954 1456 (ait
1978 1383 2306 1449 Aristoteles)
2333 1381 2439 1435 cum

276 1478 484 1549 (cauda)
510 1478 629 1546 jam
666 1479 828 1530 miuus
848 1479 1132 1548 flagraret,
1177 1478 1383 1529 reddita
1427 1485 1498 1529 est
1527 1475 1725 1545 (capiti)
1763 1483 1962 1528 cometoe
1994 1485 2085 1527 sua
2101 1475 2291 1544 facies.
2366 1477 2441 1527 Et

273 1572 582 1637 splendorem
612 1588 756 1622 >suum
793 1571 865 1621 ad
899 1571 1102 1621 tertiam
1139 1587 1291 1637 usque
1314 1570 1429 1620 caelz'
1442 1577 1649 1636 partem
1688 1567 1765 1636 (id
1789 1575 1881 1631 est,
1909 1566 1978 1619 ad
2004 1568 2152 1632 602¹.)
2197 1569 2436 1619 extendit.

276 1662 543 1729 Apparuit
580 1669 744 1712 autem
781 1669 1000 1728 tempore
1023 1660 1241 1729 hyberno
1282 1663 1386 1729 (an.
1415 1666 1467 1711 4.
1497 1658 1710 1735 Olymp.
1743 1659 1885 1725 101.)
1923 1667 1972 1710 et
2001 1662 2270 1711 ascendens
2295 1677 2444 1727 usque

273 1754 345 1803 acl
379 1753 629 1820 cingulum
668 1752 876 1804 Orionis
915 1753 990 1803 ibi
1029 1754 1249 1804 evanuit.
1329 1752 1548 1804 Cometa
1591 1751 1677 1803 ille
1717 1751 1840 1805 anni
1887 1758 2041 1815 1618,
2086 1752 2175 1822 qui
2214 1771 2243 1803 e
2285 1750 2444 1803 radiis

277 1841 532 1893 solaribus
570 1841 965 1902 caudatissimus
1005 1843 1229 1905 emersit,
1274 1841 1446 1894 stellas
1483 1841 1668 1910 primae
1705 1841 2078 1913 magnitudinis
2115 1859 2324 1912 aequare
2360 1841 2444 1893 vel

278 1932 439 2002 paulo
466 1952 717 2002 superare
739 1934 1028 1997 videbatur,
1070 1934 1161 1985 sed
1198 1935 1421 2003 majores
1456 1951 1745 2001 apparuere
1772 1941 1989 1984 cometae
2015 1951 2122 1983 non
2145 1933 2315 2001 pauci,
2358 1932 2446 2002 qui

280 2024 473 2076 caudas
497 2024 762 2077 breviores
788 2024 1033 2076 habuere.
1111 2025 1331 2077 Horum
1356 2023 1516 2094 aliqui
1540 2023 1742 2088 Jovem,
1783 2023 1869 2075 alii
1894 2023 2156 2075 Venerem
2180 2022 2263 2075 vel
2289 2023 2445 2074 etiam

281 2113 490 2165 Lunam
515 2112 748 2183 aequasse
781 2113 1074 2165 traduntur.

354 2200 417 2270 (h)
439 2201 690 2253 Diximus
717 2212 943 2253 cometas
970 2220 1083 2253 esse
1107 2219 1274 2272 genus
1299 2201 1630 2285 planetarpm
1654 2201 1710 2252 in
1735 2200 1949 2253 orbibus
1975 2200 2127 2252 valde
2148 2199 2446 2252 eccentricis

282 2291 420 2342 circa
459 2291 634 2343 Solem
671 2290 1062 2343 revolventium.
1156 2290 1228 2342 Et
1264 2290 1706 2360 quemadmodum
1743 2309 1772 2342 e
1807 2290 2030 2359 planetis
2068 2307 2177 2340 non
2214 2289 2447 2341 caudatis

278 2386 506 2437 minores
546 2403 660 2437 esse
687 2385 869 2447 solent,
912 2385 1002 2455 qui
1035 2384 1089 2435 in
1115 2384 1328 2436 orbibus
1354 2384 1645 2435 minoribus
1672 2393 1724 2435 et
1753 2383 1862 2435 Soli
1886 2381 2220 2452 propioribus
2256 2400 2448 2452 gyran-

277 2486 378 2540 tur,
422 2476 494 2528 sic
533 2475 688 2528 etiam
716 2486 960 2538 cometas,
1003 2476 1092 2547 qui
1129 2476 1182 2526 in
1208 2475 1473 2545 periheliis
1499 2475 1606 2527 suis
1630 2474 1699 2527 ‘ad
1728 2475 1904 2528 Solem
1928 2471 2148 2544 propius
2174 2473 2443 2537 accedunt,

280 2576 338 2618 ut
362 2565 647 2634 plurimum
672 2566 900 2618 minores
927 2585 1056 2629 esse,
1086 2584 1153 2617 ne
1183 2566 1359 2619 Solem
1384 2566 1692 2619 attractione
1719 2565 1812 2618 sua
1837 2566 1991 2618 nimis
2018 2565 2229 2636 agitent,
2258 2564 2447 2615 rationi

279 2664 688 2708 consentaneum
725 2655 946 2707 videtur.
1023 2655 1078 2725 (¹)
1123 2655 1349 2708 Orbium
1386 2655 1511 2708 vero
1547 2665 1865 2708 transversas
1903 2655 2181 2706 diametros
2210 2663 2261 2704 et
2296 2671 2446 2704 revo-

279 2748 538 2800 lutionum
572 2758 811 2818 tempora
845 2747 1140 2818 periodica,'
1168 2767 1236 2801 ex
1262 2747 1538 2801 collatione
1564 2758 1882 2800 cometarum
1919 2746 1974 2797 iri
2010 2745 2193 2797 iisdem
2228 2744 2445 2796 orbibus

337 2960 396 3013 (¹²)
423 2964 510 3001 171.
534 2964 555 2987 ²*
577 2963 760 3002 Diximus
778 2969 944 3001 cometas
961 2961 1048 3001 esse'
1059 2976 1182 3012 genus
1203 2964 1339 3013 plane·
1393 2962 1664 3002 animadvertit
1690 2961 1834 3001 clariss.
1871 2962 2058 3001 cassinus
2093 2961 2136 2999 in
2169 2961 2282 2999 Mon.
2320 2960 2441 2999 Paris.

283 3023 427 3060 tarum,
449 3016 567 3065 idque
587 3016 820 3066 gravissimis
838 3016 1051 3054 rationibus
1069 3016 1334 3054 confirmatur.
1399 3021 1513 3056 1699-
1535 3025 1725 3055 cometam
1753 3016 1911 3054 diversis
1938 3015 2176 3065 temporibus
2202 3017 2446 3054 observatum

287 3066 380 3106 Hac
412 3069 517 3107 enim
549 3068 650 3107 sacta
686 3070 888 3119 hypothesi
926 3069 1234 3121 computatisque
1269 3083 1339 3119 per
1392 3068 1560 3120 ideoque
1586 3083 1656 3119 pro
1687 3069 1839 3107 duobus
1871 3070 2030 3107 cometis
2055 3077 2297 3117 usurpatum,
2319 3081 2447 3105 unum

285 3122 488 3160 methodos
523 3122 782 3171 praecedentes
822 3131 1063 3161 cometarum
1100 3124 1335 3174 trajectoriis,
1393 3124 1642 3174 eundemque
1656 3136 1738 3161 esse
1757 3136 1880 3171 posse,
1894 3123 1983 3161 licet
1996 3135 2076 3160 non
2090 3122 2322 3160 conveniant
2340 3122 2442 3158 inter

284 3176 511 3226 hujusmodi
538 3176 764 3228 trajectoriae
785 3189 935 3225 semper
954 3189 1044 3214 cum
1071 3177 1339 3226 phaenomenis
1394 3189 1433 3214 se
1453 3176 1585 3215 omnia
1604 3184 1784 3214 motuum
1805 3177 2022 3223 elementa;
2051 3175 2133 3213 fieri
2153 3176 2295 3213 scilicet
2317 3182 2449 3224 potest

285 3238 510 3279 congruunt
528 3229 820 3280 quamproxime
846 3230 986 3268 clariss.
1015 3230 1199 3268 Halleius
1217 3230 1341 3279 suspi-
1397 3238 1443 3268 ut
1478 3243 1583 3268 unus
1619 3229 1802 3281 idemque
1830 3239 1982 3268 cometa
2015 3229 2076 3267 bis
2112 3231 2332 3267 observatus
2368 3240 2449 3264 non

285 3290 395 3320 catur
422 3291 613 3320 cometam
641 3296 704 3321 an.
732 3288 847 3322 1531.
872 3286 920 3321 ab
952 3285 1137 3334 Appiano
1165 3286 1340 3322 observa.
1395 3293 1498 3322 secet
1523 3283 1738 3333 eclipticam
1758 3286 1830 3322 sub
1849 3286 1984 3322 eodem
2004 3282 2149 3333 angulo
2178 3290 2215 3320 et
2241 3283 2283 3319 in
2310 3281 2447 3319 iisdem

286 3343 385 3382 tum,
421 3336 590 3374 eundem
622 3337 743 3375 fuisse
772 3350 865 3375 cum
893 3338 961 3375 illo
993 3338 1060 3388 qui
1089 3350 1194 3376 anno
1223 3340 1337 3377 1607.
1395 3337 1503 3385 locis,
1535 3345 1580 3376 ut
1599 3345 1760 3375 cometae
1786 3337 1905 3387 hujus
1923 3336 2104 3375 velocitas
2122 3336 2161 3372 in
2180 3336 2350 3386 perigaeo
2368 3347 2447 3371 non

287 3389 503 3438 descriptus
530 3398 588 3428 est
615 3403 638 3427 a
668 3390 842 3440 Keplero
865 3398 905 3429 et
934 3391 1274 3442 Longomontano,
1304 3399 1344 3430 et
1397 3391 1448 3429 sit
1484 3391 1631 3429 eadem.
1713 3391 1875 3429 Talibus
1909 3390 2017 3428 enim
2059 3390 2251 3428 erroribus
2286 3388 2449 3437 aliisque

288 3455 405 3492 quem
440 3442 623 3481 Halleius
656 3443 738 3494 ipse
768 3444 998 3483 redeuntem
1035 3445 1248 3483 observavit
1276 3457 1338 3483 an.
1397 3444 1578 3494 plurimis
1606 3444 1724 3483 Luna
1751 3452 1808 3483 est
1834 3444 2015 3484 obnoxia.
2077 3444 2275 3482 Caeterum
2303 3442 2444 3479 clariss.

294 3500 409 3534 1682.
434 3496 676 3546 quadrabant
694 3497 798 3535 enim
820 3499 1015 3536 elementa
1028 3498 1172 3545 omnia,
1186 3498 1344 3549 solaque
1401 3498 1585 3537 H'alleius
1614 3498 1822 3549 diligenter
1848 3497 2050 3547 perpensis
2082 3493 2252 3534 motibus
2289 3500 2449 3532 cometae

289 3549 788 3600 periodoruminaequalitas
799 3551 990 3589 adversari
1004 3552 1217 3591 videbatur.
1258 3552 1341 3590 Ve-
1398 3564 1462 3591 an.
1493 3556 1606 3590 1682.
1639 3553 1759 3604 hujus
1791 3558 1952 3589 cometae
1988 3549 2159 3588 reditum
2190 3561 2295 3586 anno
2331 3550 2444 3586 1758.

291 3601 379 3638 rum
395 3611 501 3640 tanta
521 3604 691 3641 nonfuit
710 3604 950 3654 inaequalitas
963 3604 1029 3642 illa
1045 3613 1090 3643 ut
1102 3604 1228 3644 causis
1243 3605 1343 3656 phy-
1401 3605 1580 3644 futurum
1600 3619 1680 3643 esse
1699 3604 1888 3654 praedixit.
1942 3609 1947 3617 “
2044 3601 2047 3603 ’
2069 3650 2071 3652 q

293 3655 380 3692 sicis
398 3656 561 3694 adscribi
581 3669 659 3693 non
680 3658 807 3706 possit.
871 3659 1028 3696 Saturni
1047 3659 1153 3697 enim
1174 3665 1304 3697 motus
1321 3671 1345 3697 a
1456 3657 1508 3711 (ί)
1538 3663 1560 3684 “”
1587 3660 1745 3699 orbium
1763 3657 1850 3698 verb
1869 3663 2103 3697 transversas
2119 3657 2321 3694 diametros
2340 3659 2374 3691 et
2393 3665 2453 3690 re-

292 3710 441 3745 caeteris
468 3709 632 3757 planetis
652 3719 689 3748 et
717 3711 928 3759 praesertim
948 3725 972 3750 a
988 3711 1089 3751 Jove
1114 3711 1168 3750 ita
1195 3719 1346 3761 pertur-
1409 3714 1645 3753 volutianum
1672 3719 1844 3763 tempora
1865 3712 2072 3761 periodica.
2127 3709 2230 3746 Haec
2258 3708 2336 3744 duo
2355 3705 2453 3743 obti-

292 3761 408 3798 batur
439 3771 484 3799 ut
512 3775 581 3811 per
612 3763 759 3814 aliquot
785 3764 869 3802 dies
885 3760 1063 3816 'integros
1088 3761 1278 3803 incertum
1300 3765 1350 3803 sit
1406 3766 1490 3803 neri
1521 3774 1691 3816 possunt·
1717 3769 1785 3817 p‘er
1810 3763 2040 3804 methodum
2066 3772 2178 3801 num.
2212 3765 2298 3800 160.
2337 3771 2455 3809 expo·

291 3814 413 3867 hujus
428 3815 594 3866 planetae
613 3823 767 3867 tempus
785 3818 1038 3867 periodicum.
1088 3817 1213 3858 Recte
1232 3819 1349 3857 etiam
1402 3819 1526 3858 sitam.
