2540 4296
417 303 527 355 AD
567 303 805 357 LUNAE
845 303 1276 356 THEORIAM
1316 304 1946 361 NEWTONIANAM.
2221 333 2252 365 v

104 446 303 520 legibus
340 447 626 499 secundum
669 448 809 516 ipsos
849 447 1204 498 observatores
1247 448 1348 499 sint
1390 449 1664 512 adstrictae,
1708 468 1835 501 mox
1875 453 2032 504 tradit
2074 456 2252 527 quales

103 537 417 607 aequationes
444 554 509 587 ex
536 536 638 586 suis
666 535 874 586 calculis
901 545 1169 606 emergant
1193 545 1244 587 et
1270 555 1510 605 quaenam
1539 538 1640 590 sint
1667 557 1844 590 earum
1868 541 2023 611 leges.

174 625 354 694 Ipsum
379 635 482 676 tam
510 623 952 675 observationibus
976 635 1095 675 ante
1121 624 1293 692 ipsum
1319 624 1579 689 institutis,
1621 646 1776 696 quam
1802 629 2248 686 observationibus

106 717 497 771 Flamstedianis
542 733 694 766 usum
731 733 841 766 esse
879 726 1093 779 constat,
1134 716 1240 769 imo
1278 726 1329 767 et
1364 716 1535 784 ipsum
1573 719 1761 769 exinde
1800 720 1999 772 tabulas
2042 723 2246 777 lunares

100 807 197 858 sibi
223 804 567 857 construxisse
591 804 766 873 liquet,
808 822 873 855 ex
908 805 1094 874 quibus
1120 805 1285 856 multa
1309 805 1507 873 profert
1532 825 1751 875 quarum
1776 810 2024 880 pleraque
2050 813 2105 863 in
2133 815 2246 866 Ru-

100 899 376 968 dolphinis,
423 907 513 948 aut
548 897 602 947 in
640 896 951 948 Ludoviceis
988 897 1174 951 tabulis
1215 897 1364 949 facile
1400 915 1507 948 non
1545 900 1949 967 comperiuntur,
1997 905 2087 955 sed
2127 924 2243 976 quae

97 988 321 1041 maxime
364 988 692 1040 consentiunt
730 1006 851 1038 cum
886 988 1032 1039 novis
1062 987 1133 1038 ill.
1165 988 1368 1040 Cassini
1393 988 1598 1052 tabulis,
1639 990 1710 1040 ita
1748 1000 1804 1041 ut
1841 1011 1943 1061 quo
1967 994 2242 1061 perfectius

97 1078 215 1131 coeli
255 1086 426 1129 motus
468 1077 780 1147 dignoscunt
820 1076 1117 1139 astronomi,
1162 1095 1223 1127 eo
1260 1074 1477 1145 propius
1518 1076 1586 1127 ad
1626 1077 1991 1132 Newtonianas
2018 1082 2241 1137 theorias

95 1166 338 1218 accedere
364 1164 834 1234 deprehendantur.

168 1257 245 1310 Ut
287 1258 459 1327 itaque
502 1257 637 1310 Solis
677 1255 892 1308 aetionis
931 1256 986 1306 in
1029 1255 1237 1308 Lunam
1277 1265 1329 1307 et
1369 1257 1478 1325 ejus
1521 1255 1744 1307 orbitam
1786 1257 2036 1310 habeatur
2080 1263 2239 1325 rati03

92 1349 318 1418 primum
356 1349 449 1401 fiat
485 1348 761 1400 abstractio
800 1348 1198 1400 excentricitatis
1237 1347 1420 1399 orbitae
1457 1357 1563 1399 tam
1603 1348 1831 1401 Telluris
1871 1351 2024 1420 quam
2052 1354 2237 1418 Lunae,

93 1438 496 1507 deprehenditur
539 1438 680 1509 quod
726 1455 795 1489 ex
840 1437 974 1489 Solis
1016 1437 1218 1488 actione
1261 1436 1451 1488 mensis
1491 1437 1784 1505 periodicus
1827 1438 1994 1490 Lunae
2034 1442 2241 1513 longior

91 1530 274 1581 evadat
298 1541 350 1582 et
375 1532 484 1600 ejus
510 1531 679 1582 orbita
706 1547 773 1580 ex
799 1529 1038 1580 circulari
1062 1528 1115 1579 in
1143 1527 1363 1596 ellipsim
1382 1536 1626 1590 mutetur,
1656 1529 1800 1597 cujus
1821 1548 1942 1580 axes
1961 1549 2057 1599 per
2080 1533 2237 1602 Prop.

93 1617 372 1669 XXVIII.
400 1628 520 1670 sunt
547 1618 890 1670 determinati.

163 1705 419 1768 Secundo,
449 1716 553 1756 tam
580 1724 646 1756 ex
672 1704 731 1757 ea
758 1703 925 1776 figura
954 1722 1110 1774 quam
1129 1704 1295 1755 orbita
1316 1704 1484 1755 Lunae
1504 1704 1688 1768 induit,
1718 1724 1873 1776 quam
1898 1726 1963 1758 ex
1989 1709 2239 1761 accelera-

88 1796 228 1846 tione
278 1794 446 1847 Lunae
485 1812 581 1863 per
620 1812 736 1845 eam
773 1803 975 1862 partem
1015 1793 1230 1844 actionis
1280 1792 1413 1845 Solis
1455 1810 1573 1861 quae
1616 1794 1902 1844 secundum
1922 1805 2239 1866 tangentem

87 1884 270 1935 orbitae
305 1883 499 1934 lunaris
526 1882 779 1953 dirigitur,
808 1883 1037 1934 nascitur
1062 1883 1277 1934 variatio
1306 1900 1463 1951 quam
1484 1881 1671 1952 Tycho
1690 1884 1889 1951 primus
1930 1886 2233 1950 observavit,

88 1984 140 2026 et
175 1972 454 2023 maximam
478 1972 533 2021 in
558 1971 849 2022 octantibus
889 1972 1024 2035 40ὲᾶ
1052 1971 1243 2033 statuit,
1284 1970 1427 2021 illam
1465 1971 1537 2021 ill.
1570 1971 1816 2022 Cassinus
1839 1972 1960 2024 facit
1987 1977 2088 2026 33².
2117 1978 2236 2029 40²².

87 2061 141 2112 in
170 2061 452 2113 Elementis
479 2060 846 2123 Astronomiae,
887 2078 1002 2111 eam
1038 2058 1162 2110 vero
1188 2060 1299 2128 ipse
1328 2059 1613 2110 Newtonus
1652 2061 1705 2110 in
1743 2061 2019 2130 hypothesi
2044 2065 2236 2118 orbitas

90 2153 313 2204 Telluris
340 2163 390 2204 et
417 2152 585 2204 Lunae
612 2170 721 2203 esse
746 2151 1020 2203 circulares
1050 2152 1149 2203 35'.
1181 2152 1293 2202 10⁰.
1322 2149 1591 2202 calculavit
1618 2151 1776 2219 Prop.
1807 2152 2033 2204 XXIX.

160 2242 359 2305 Tertio,
389 2261 454 2293 ex
474 2241 534 2294 ea
562 2242 696 2294 Solis
717 2242 917 2292 actione
936 2242 1165 2293 nascitur
1183 2250 1352 2292 motus
1378 2242 1580 2311 apogaei
1619 2242 1812 2293 lunaris
1837 2243 1892 2293 in
1918 2263 2237 2314 consequen·
2270 2291 2275 2297 .

86 2335 173 2398 tia,
204 2336 348 2404 cujus
374 2344 545 2385 motus
572 2333 966 2385 fundamentum
991 2333 1186 2383 indicat
1213 2332 1497 2384 Newtonus
1527 2333 1684 2401 Prop.
1714 2333 1891 2385 XLV.
1920 2335 2038 2385 Lib.
2070 2336 2112 2386 I.

158 2425 379 2490 Quarto,
419 2427 541 2478 inde
576 2424 850 2501 deducitur
873 2435 1044 2476 motus
1069 2424 1272 2475 medius
1297 2423 1558 2475 nodorum
1587 2424 1746 2492 Prop.
1775 2424 2031 2476 XXXII.
2054 2426 2232 2477 obser-

84 2517 372 2571 vationibus
397 2518 633 2588 proxime
656 2518 949 2588 ⁴congruus;
993 2515 1174 2586 quinto
1199 2516 1438 2586 denique,
1467 2515 1812 2566 inclinationis
1839 2516 2021 2567 orbitae
2040 2517 2235 2570 lunaris

83 2609 301 2660 mutatio
327 2608 806 2678 explicatur-Prop.
838 2606 1119 2675 XXXIV.
1147 2616 1199 2658 et
1223 2606 1470 2658 XXXV.

157 2698 313 2750 Nuric
349 2678 474 2751 vero
511 2698 823 2769 adjungatur
853 2697 1201 2749 consideratio
1240 2696 1642 2748 excentricitatis
1680 2697 1863 2748 orbitae
1889 2697 2130 2761 Telluris,
2171 2698 2231 2750 ea
2308 2720 2315 2723 ·

84 2790 145 2843 fit
167 2800 225 2843 ut
249 2791 382 2843 actio
403 2791 536 2843 Solis
557 2791 721 2859 major
748 2790 814 2841 sit
839 2787 959 2841 011111
978 2789 1147 2840 Terra
1166 2798 1243 2839 est
1267 2788 1323 2838 in
1346 2787 1598 2857 perihelio
1620 2806 1714 2839 suo
1736 2786 1890 2858 quam
1918 2789 1971 2839 in
1996 2788 2230 2857 apheli03
2302 2825 2305 2827 —

82 2877 206 2930 inde
229 2879 462 2931 orientur
482 2878 824 2930 correctiones
842 2877 999 2929 variae
1017 2876 1098 2928 his
1120 2876 1360 2928 omnibus
1382 2876 1550 2927 Lunae
1571 2876 1832 2927 erroribus
1855 2876 2230 2946 adjungendae3

81 2958 311 3040 primum
334 2971 455 3023 cum
489 2969 679 3022 mensis
704 2969 998 3038 periodicus
1026 2969 1194 3021 Lunae
1219 2986 1314 3038 per
1340 2968 1594 3019 actionem
1622 2968 1757 3021 Solis
1783 2968 1989 3038 longior
2027 2967 2227 3029 evadat,

84 3070 136 3112 et
172 3071 343 3112 motus
389 3062 496 3130 ejus
536 3061 738 3112 medius
778 3070 1047 3131 augeatur,
1089 3060 1145 3111 id
1184 3059 1561 3110 incrementum
1602 3059 1810 3128 quando
1852 3058 2022 3109 Terra
2059 3068 2137 3109 est
2176 3058 2230 3107 in

79 3138 334 3216 perihelio
359 3150 524 3218 majus
554 3159 633 3200 est
656 3146 812 3218 quam
839 3146 959 3200 cum
985 3158 1062 3200 est
1085 3149 1137 3199 in
1166 3147 1387 3216 aphelio,
1428 3147 1550 3198 hinc
1576 3167 1636 3199 ea
1661 3147 1883 3198 tardatio
1907 3147 2229 3216 inaequaliter

83 3238 136 3288 in
174 3250 374 3291 motum
401 3239 569 3292 Lunae
595 3240 886 3302 distributa,
926 3239 1081 3290 efficit
1105 3248 1163 3289 ut
1186 3237 1287 3289 1100
1312 3238 1523 3288 nomine
1549 3237 1692 3287 locus
1730 3239 1838 3305 ejus
1869 3255 1962 3305 per
1999 3236 2229 3287 medium

83 3340 283 3382 motum
308 3331 544 3383 inventus
582 3331 647 3383 ab
685 3333 792 3400 ejus
819 3349 942 3383 vero
967 3331 1084 3382 loco
1109 3330 1390 3391 dissentiat,
1426 3329 1548 3380 hinc
1573 3330 1746 3399 itaque
1771 3330 1906 3381 notis
1932 3331 2122 3380 nostris
2161 3330 2227 3380 ad

83 3421 287 3472 initium
316 3421 510 3474 Scholii
546 3423 613 3474 ad
649 3423 844 3474 calcem
872 3422 1031 3490 Prop.
1061 3421 1309 3473 XXXV.
1348 3420 1548 3489 adjecti,
1590 3420 1730 3489 quod
1766 3420 1833 3470 ad
1869 3430 2031 3471 totam
2059 3420 2228 3471 Lunae

83 3510 337 3563 theoriam
375 3512 614 3580 pertinet,
656 3512 1033 3564 incrementum
1071 3511 1302 3562 medium
1326 3522 1496 3561 motus
1540 3511 1697 3562 medii
1739 3530 1806 3562 ex
1850 3511 2051 3562 actione
2093 3510 2228 3562 Solis

85 3611 258 3653 ortum
300 3605 633 3674 assignamus,
676 3614 788 3655 tum
831 3613 1012 3672 postea
1055 3602 1315 3670 aperimus
1356 3601 1609 3652 rationem
1651 3600 1749 3670 qua
1795 3601 2016 3652 obtineri
2058 3610 2228 3668 potest

84 3694 311 3761 aequatiq
344 3710 438 3746 ceu
475 3694 726 3746 correctio
750 3703 921 3745 motus
957 3693 1113 3743 medii
1140 3691 1433 3743 adhibenda
1456 3701 1671 3759 propter
1711 3690 2017 3759 inaequalem
2045 3690 2228 3742 Terrae

86 3797 118 3830 a
156 3771 275 3833 Sole
300 3780 608 3845 distantiam,
650 3801 766 3852 quae
792 3782 1003 3852 quidem
1029 3782 1250 3850 aequatio
1276 3781 1569 3832 continetur
1595 3780 1650 3831 in
1675 3777 1735 3831 ea
1762 3798 1919 3849 quam
1952 3780 2023 3831 ill.
2055 3780 2227 3834 Cassi-

85 3882 200 3933 nus,
227 3871 378 3931 titulo
400 3873 597 3925 Primae
621 3874 953 3942 AEquationis
981 3874 1189 3933 solaris,
1218 3871 1388 3924 tradit.

1111 3959 1149 3996 A
1177 3963 1204 3995 3
