2540 4296
310 298 331 341 1
347 296 412 346 74-
845 288 1416 342 PHILOSOPHIAE
1458 290 1913 347 NATURALIS
1952 295 2070 358 [DE
2094 294 2297 349 Mum).
2322 296 2475 351 Srs'r.

311 434 654 503 superiorem,
693 432 918 503 ideoque
954 433 1187 485 medium
1224 434 1333 503 ejus
1372 434 1597 488 distabat
1633 457 1664 489 a
1701 435 1847 489 stella
1884 435 1971 489 illa
2001 444 2086 490 23.
2119 440 2215 492 15'.
2242 451 2475 494 austrum

306 542 504 588 versus,
545 532 597 575 et
633 522 885 575 terminus
925 523 1162 591 superior
1199 533 1309 575 erat
1347 523 1401 574 in
1432 532 1476 576 Χ
1509 530 1631 577 223‘.
1660 545 1779 578 cum
1815 527 2093 580 latitudine.
2119 527 2317 581 boreali
2347 537 2471 583 613¹:

312 614 383 665 Et
423 613 548 664 hinc
584 612 744 683 longa
768 621 880 663 erat
918 612 1085 664 cauda
1123 617 1244 667 703³.
1273 612 1492 665 circiter.
1570 614 1701 667 Dec.
1732 622 1816 667 21.
1856 616 2041 667 eadem
2080 616 2326 689 surgebat
2364 619 2472 672 fere

304 708 371 759 ad
397 705 702 758 cathedram
731 704 1066 774 Cassiopeiae,
1105 706 1375 776 aequaliter
1408 706 1604 759 distans
1631 727 1661 758 a
1684 709 1720 768 β
1744 718 1795 761 et
1823 708 2059 772 Schedir,
2099 720 2151 761 et
2176 710 2471 763 distantiam

303 797 369 849 ab
396 796 618 866 utraque
644 794 908 846 distantiae
932 813 1109 846 earum
1136 795 1202 846 ab
1227 795 1449 847 invicem
1474 796 1728 866 aequalem
1753 796 1968 861 habens,
1987 799 2210 869 ideoque
2230 800 2470 852 desinens

302 888 356 938 in
384 896 435 934 ‘v‘
464 892 590 937 248¹.
621 903 739 937 cum
779 884 1056 937 latitudine
1094 888 1255 951 4753&
1350 885 1482 937 Dec.
1512 892 1598 938 29.
1638 887 1804 938 cauda
1829 889 2074 959 tangebat
2104 888 2294 941 Sch'eat
2319 890 2469 941 sitam

302 982 369 1033 ad
396 981 675 1043 sinistram,
699 988 750 1031 et
774 978 1108 1030 intervallum
1135 978 1400 1030 stellarum
1420 978 1643 1031 duarum
1664 979 1721 1031 in
1740 979 1874 1048 pede
1894 981 2092 1033 boreali
2113 982 2469 1033 Andromedae

302 1069 542 1125 accurate
569 1068 880 1138 complebat,
909 1077 962 1120 et
985 1068 1144 1138 longa
1172 1076 1282 1119 erat
1308 1073 1418 1120 543²
1435 1087 1448 1130 3
1489 1067 1711 1138 ideoque
1737 1068 2006 1121 desinebat
2030 1071 2085 1122 in
2121 1078 2154 1121 ὅ
2195 1078 2315 1124 1931.
2349 1091 2469 1123 cum

301 1161 578 1214 latitudine
617 1166 741 1213 353‘.
835 1159 953 1211 Jan.
982 1165 1030 1211 5.
1070 1158 1237 1209 cauda
1273 1158 1440 1230 tetigit
1478 1159 1679 1210 stellam
1713 1177 1747 1209 π
1781 1160 1838 1211 in
1873 1173 2085 1229 pectore
2110 1163 2467 1215 Andromedae

301 1253 371 1305 ad
395 1253 533 1304 latus
561 1252 669 1321 ejus
698 1250 961 1312 dextrum,
1001 1258 1055 1300 et
1079 1248 1281 1300 stellam
1318 1270 1354 1309 μ
1378 1250 1432 1300 in
1459 1250 1566 1318 ejus
1593 1250 1803 1321 cingulo
1830 1250 1898 1302 ad
1923 1251 2056 1303 latus
2083 1252 2378 1315 sinistrum3
2417 1264 2468 1305 et

301 1344 485 1413 (juxta
521 1340 909 1394 observationes
947 1339 1174 1405 nostras)
1213 1339 1375 1410 longa
1411 1334 1522 1391 erat
1559 1346 1698 1403 403&
1739 1360 1898 1393 curva
1932 1353 2102 1393 autem
2130 1354 2241 1395 erat
2267 1353 2318 1395 et
2344 1362 2467 1395 con-

299 1454 435 1488 vexo
477 1434 640 1503 latere
681 1431 950 1501 spectabat
993 1430 1060 1482 ad
1106 1438 1358 1482 austrum.
1438 1431 1576 1482 Cum
1619 1432 1814 1483 circulo
1855 1451 1952 1501 per
1996 1433 2169 1485 Solem
2211 1444 2262 1485 et
2311 1443 2468 1503 caput

300 1535 517 1578 cometae
543 1531 847 1577 transeunte
872 1520 1124 1592 angulum
1153 1519 1375 1572 confecit
1398 1519 1659 1591 graduum
1685 1527 1735 1572 4.
1765 1521 1917 1591 juxta
1944 1531 2100 1590 caput
2126 1534 2375 1586 cometae3
2415 1534 2468 1575 at

291 1616 444 1684 juxta
482 1612 765 1666 terminum
791 1610 1012 1662 alterum
1052 1609 1401 1664 inclinabatur
1427 1609 1494 1660 ad
1522 1609 1773 1661 circulum
1799 1610 1947 1661 illum
1971 1611 2027 1662 in
2052 1612 2246 1683 angulo
2276 1620 2357 1666 10.
2385 1615 2468 1666 vel

304 1713 384 1758 11.
412 1704 692 1776 graduum,
733 1713 785 1755 et
822 1701 1021 1754 chorda
1047 1700 1230 1752 caudae
1255 1719 1374 1751 cum
1402 1700 1597 1752 circulo
1623 1700 1713 1752 illo
1739 1702 2037 1787 continebat
2062 1705 2312 1775 angulum
2347 1725 2467 1777 gra-

292 1796 470 1847 -duum
509 1803 644 1855 octo,
738 1791 857 1845 Jan.
892 1797 976 1843 13.
1016 1789 1181 1842 cauda
1206 1789 1323 1841 luce
1350 1789 1472 1840 satis
1499 1788 1728 1841 sensibili
1765 1792 2140 1844 terminabatur
2177 1794 2312 1847 inter
2338 1795 2466 1847 Ala-

297 1886 451 1939 mech
489 1894 541 1937 et
579 1883 758 1954 Algol,
800 1893 853 1934 et
889 1883 1006 1932 luce
1041 1879 1342 1933 tenuissima
1381 1880 1654 1933 desinebat
1679 1900 1708 1932 e
1733 1881 1947 1953 regione
1974 1882 2136 1935 stellae
2162 1906 2189 1933 κ
2225 1885 2280 1936 in
2304 1886 2467 1938 latere

300 1978 494 2032 Persei.
572 1974 843 2030 Distantia
879 1973 1090 2026 termini
1129 1972 1310 2024 caudae
1348 1991 1379 2023 a
1416 1972 1611 2026 circulo
1648 1972 1823 2025 Solem
1852 1983 1903 2026 et
1924 1953 2184 2027 (cometam
2212 1977 2468 2047 jungente

298 2081 410 2123 erat
437 2075 523 2122 ΒΨ.
553 2069 654 2120 ὅθ’.
683 2076 736 2119 et
761 2065 1029 2117 inclinatio
1056 2064 1275 2116 chordae
1301 2064 1482 2116 caudae
1508 2065 1575 2116 ad
1592 2064 1853 2121 >circulum
1878 2066 2025 2118 illum
2052 2072 2175 2135 8ὲὲἔὶ
2233 2069 2351 2122 Jan.
2380 2076 2465 2122 25.

299 2172 351 2213 et
377 2167 460 2213 26.
502 2156 668 2210 cauda
704 2156 822 2207 luce
858 2155 1005 2207 tenui
1040 2154 1266 2205 micabat
1304 2154 1371 2205 ad
1407 2154 1788 2225 longitudinem
1827 2156 2087 2226 graduum
2114 2166 2163 2210 6.
2192 2158 2272 2209 vel
2301 2164 2332 2214 7
2347 2179 2362 2221 3
2416 2170 2468 2212 et

297 2262 452 2304 nocte
489 2249 593 2302 una
634 2259 684 2301 et
721 2247 883 2300 altera
925 2256 1173 2317 sequente
1199 2245 1289 2296 ubi
1315 2245 1506 2296 coelum
1532 2245 1683 2297 valde
1710 2264 1950 2297 serenum
1977 2256 2103 2310 erat,
2130 2247 2246 2300 luce
2272 2250 2467 2302 tenuis-

299 2343 426 2396 sima
454 2353 506 2395 et
532 2340 804 2414 aegerrime
831 2339 1061 2392 sensibili
1098 2338 1385 2409 attingebat
1419 2337 1801 2408 longitudinem
1826 2338 2086 2409 graduum
2113 2339 2390 2392 duodecim
2417 2352 2470 2393 et

297 2434 455 2505 paulo
481 2434 634 2486 ultra.
710 2432 1055 2503 Dirigebatur
1084 2439 1258 2482 autem
1284 2430 1396 2499 ejus
1422 2428 1534 2481 axis
1560 2429 1629 2481 ad
1654 2429 1880 2482 lucidam
1905 2430 1960 2481 in
1984 2430 2204 2483 humero
2230 2431 2468 2483 orientali

300 2527 516 2599 Aurigae
542 2524 801 2588 accurate,
840 2524 1066 2594 ideoque
1092 2522 1389 2575 declinabat
1413 2522 1480 2573 ab
1506 2522 1835 2591 oppositione
1876 2523 2011 2576 Solis
2049 2523 2264 2576 boream
2288 2543 2468 2576 versus

298 2617 350 2667 in
379 2615 572 2687 angulo
607 2614 869 2687 graduum
895 2613 1094 2665 decem.
1171 2611 1418 2682 Denique
1447 2610 1574 2663 Feb.
1606 2618 1687 2664 10.
1716 2612 1936 2678 caudam
1960 2614 2124 2666 oculis
2150 2615 2358 2666 armatis
2386 2634 2467 2666 as-

297 2707 422 2777 pexi
462 2705 657 2777 gradus
701 2705 834 2756 duos
878 2703 1108 2774 longam.
1201 2701 1341 2775 Nam
1384 2700 1477 2752 lux
1516 2701 1770 2770 praedicta
1811 2702 2017 2754 tenuior
2054 2721 2149 2772 per
2192 2704 2321 2755 vitra
2360 2722 2468 2754 non

301 2798 561 2867 apparuit.
642 2794 929 2847 Ponthaeus
955 2804 1131 2845 autem
1160 2791 1286 2843 Feb.
1311 2796 1358 2845 7.
1388 2809 1443 2842 se
1468 2790 1687 2842 caudam
1713 2789 1781 2842 ad
1805 2790 2183 2861 longitudinem
2207 2792 2467 2863 graduum

307 2893 387 2939 12.
416 2884 608 2936 vidisse
634 2882 825 2935 scribit.
906 2881 1030 2934 Feb.
1061 2887 1146 2933 25.
1174 2889 1225 2932 et
1251 2879 1496 2948 deinceps
1523 2889 1725 2931 cometa
1750 2879 1861 2932 sine
1886 2879 2051 2933 cauda
2078 2882 2333 2950 apparuit.

375 2974 577 3026 Orbem
607 2974 719 3043 jam
756 2971 1079 3040 descriptum
1117 2969 1372 3039 spectanti
1399 2978 1450 3020 et
1474 2969 1676 3038 reliqua
1699 2978 1918 3021 cometae
1943 2969 2096 3039 hujus
2121 2969 2469 3039 phaenomena

301 3068 358 3118 in
397 3066 573 3118 animo
611 3064 911 3126 revolventi,
951 3062 1095 3114 haud
1122 3052 1400 3114 difficulter¹
1423 3061 1695 3125 constabit,
1737 3062 1880 3132 quod
1905 3080 2126 3132 corpora
2151 3073 2467 3115 cometarum

304 3166 426 3209 sunt
451 3154 632 3218 solida,
672 3162 962 3223 compacta,
1005 3152 1113 3204 fixa
1139 3160 1200 3203 ac
1225 3150 1483 3202 durabilia
1509 3150 1575 3202 ad
1613 3150 1776 3202 instar
1801 3169 2082 3220 corporum
2118 3152 2463 3220 planetarum.

306 3249 449 3302 Nam
475 3248 518 3300 si
543 3247 674 3299 nihil
712 3245 854 3298 aliud
891 3255 1064 3297 essent
1092 3243 1249 3315 quam
1274 3262 1494 3312 vapores
1520 3243 1603 3296 vel
1628 3243 1986 3301 exhalationes
2013 3245 2214 3308 Terrae,
2258 3246 2392 3298 Solis
2418 3255 2469 3297 et

304 3341 658 3411 planetarum,
691 3347 893 3391 cometa
917 3337 1065 3389 hicce
1100 3336 1155 3411 in
1180 3335 1400 3387 transitu
1427 3354 1523 3387 suo
1559 3354 1655 3404 per
1689 3335 1933 3388 viciniam
1962 3336 2097 3389 Solis
2122 3336 2293 3389 statim
2319 3336 2468 3388 dissi-

305 3431 421 3501 pari
447 3432 724 3484 debuisset.
804 3429 903 3482 Est
927 3429 1066 3480 enim
1091 3426 1233 3479 calor
1262 3426 1396 3480 Solis
1423 3436 1481 3478 ut
1505 3426 2041 3490 radiorumdensitas,
2077 3426 2179 3478 hoc
2205 3437 2296 3489 est,
2338 3427 2467 3478 reci·-

308 3520 468 3590 proce
508 3531 566 3572 ut
602 3519 915 3591 quadratum
954 3520 1213 3572 distantiae
1250 3519 1488 3572 locorum
1524 3540 1556 3572 a
1596 3519 1732 3572 Sole.
1810 3520 2043 3592 Ideoque
2077 3518 2195 3572 cum
2229 3521 2471 3572 distantia

310 3622 527 3663 cometae
565 3631 597 3663 a
634 3621 814 3663 centro
854 3612 991 3665 Solis
1029 3613 1283 3686 Decemb.
1313 3620 1361 3665 8.
1390 3612 1481 3664 ubi
1514 3613 1568 3663 in
1601 3611 1856 3682 perihelio
1878 3613 2206 3675 ›vel-sabatur,
2245 3623 2379 3664 esset
2404 3612 2471 3662 ad

311 3703 613 3755 distantiam
653 3703 839 3756 Terrae
878 3722 909 3755 a
945 3712 1125 3755 centro
1166 3703 1303 3756 Solis
1341 3712 1401 3754 ut
1429 3711 1460 3755 6
1490 3703 1561 3754 ad
1591 3710 1728 3756 1000
1756 3704 1973 3767 circiter,
2002 3686 2143 3756 calor
2172 3703 2305 3754 Solis
2331 3702 2470 3770 apud

313 3803 571 3844 cometam
612 3812 675 3844 eo
710 3802 953 3862 tempore
984 3803 1094 3844 erat
1131 3792 1199 3844 ad
1235 3792 1461 3843 calorem
1492 3791 1626 3844 Solis
1651 3793 1816 3844 aestivi
1851 3792 1990 3860 apud
2017 3810 2110 3842 nos
2136 3801 2195 3842 -ut
2225 3798 2470 3845 1000000

313 3884 381 3937 ad
409 3891 494 3946 36,
523 3902 613 3935 seu
640 3890 816 3936 28000
843 3883 911 3935 ad
941 3890 984 3935 l.
1059 3882 1165 3936 Sed
1193 3883 1333 3934 calor
1359 3901 1509 3953 aquae
1535 3882 1828 3934 ebullientis
1855 3892 1931 3935 est
1956 3881 2102 3952 quasi
2128 3881 2284 3950 triplo
2308 3884 2472 3951 major
