2540 4296
57 261 278 330 ‘Lmssn
302 275 600 337 Tamna]
663 270 1066 324 PRINCIPIA
1109 264 1727 347 MATHEMATICA.

2163 272 2230 323 97

95 422 156 490 (⁰)
199 420 380 472 Motus
407 430 578 469 autem
608 417 742 470 Solis
782 426 858 467 est
901 416 954 465 in
1000 413 1260 482 duplicata
1287 413 1486 465 ratione
1530 411 1786 464 distantiae
1814 411 1996 464 Terrae
2036 433 2069 464 a
2110 414 2231 466 Sole

91 509 290 563 inverse
338 511 401 580 (P)
448 522 498 561 ct
524 510 746 561 maxima
773 506 936 558 centri
962 506 1200 575 aequatio,
1230 523 1385 574 quam
1410 504 1524 555 haec
1549 504 1867 575 inaequalitas
1893 515 2123 574 generat,
2153 516 2231 558 est

96 609 179 653 lgr.
210 603 308 655 56'.
337 604 457 655 20⁰.
501 602 763 671 praedictae
792 599 925 651 Solis
958 588 1323 649 eccentricitati
1355 598 1485 661 lssffi-
1511 614 1818 667 congruens,
1897 597 1959 664 (q)
2002 597 2163 657 Quod
2188 597 2230 647 si

88 701 259 742 motus
290 692 423 744 Solis
449 701 582 743 esset
619 691 672 740 in
711 686 963 756 triplicata
991 687 1189 738 ratione
1216 684 1471 735 distantiae
1496 684 1708 747 inverse,
1752 685 1866 736 haec
1908 685 2228 755 inaequalitas

87 792 358 853 generaret
382 781 724 851 aequationem
748 778 1028 829 maximam
1072 784 1161 828 23¹⁸.
1190 776 1290 827 54'.
1321 774 1434 825 30²2

1514 775 1570 840 (r)
1619 775 1689 827 Et
1731 786 2012 844 propterea
2055 796 2227 847 aequa-

88 872 253 923 tiones
278 870 535 932 maximae,
584 886 710 938 quas
747 866 1120 936 inaequalitates
1164 874 1401 915 motuum
1439 864 1640 934 apogaei
1684 875 1734 916 et
1772 866 2029 916 nodorum
2058 867 2227 918 Lunae

83 968 348 1031 generant,
378 968 498 1009 sunt
521 956 589 1008 ad
615 963 703 1008 23¹⁶.
724 957 823 1009 54².
854 956 967 1007 30“.
995 963 1052 1006 ut
1075 963 1244 1005 motus
1270 952 1470 1004 medius
1499 952 1714 1003 diurnus
1736 955 1951 1024 apog-aei,
1982 966 2032 1007 et
2056 967 2225 1008 motus

85 1048 285 1100 medius
311 1047 527 1099 diurnus
565 1046 825 1098 nodorum
853 1045 1020 1097 Lunae
1046 1052 1166 1095 sunt
1209 1043 1277 1093 ad
1316 1053 1516 1093 motum
1541 1042 1773 1093 medium
1798 1043 2043 1095 diurnum
2074 1046 2223 1098 Solis.

89 1138 246 1192 Unde
270 1138 447 1207 prodit
484 1137 709 1207 aequatio
747 1136 976 1187 maxima
1000 1134 1155 1186 medii
1180 1142 1351 1185 motus
1378 1134 1581 1205 apogaei
1626 1136 1724 1186 19'.
1753 1136 1870 1186 43''.
1913 1146 1965 1187 et
2003 1138 2225 1207 aequatio

85 1229 312 1282 maxima
336 1228 493 1281 medii
517 1227 688 1281 motus
713 1227 972 1280 nodorum
1016 1227 1081 1278 9'.
1128 1225 1243 1276 24²².

141 1391 196 1443 (⁰)
228 1393 249 1415 ²*
279 1393 410 1430 Motus
437 1392 531 1431 Solis
547 1399 599 1430 esc
617 1392 658 1430 in
676 1387 871 1440 duplicat&
889 1392 1032 1428 ratione
1050 1390 1125 1427 dis-

85 1447 218 1483 tantiae
237 1443 381 1482 inverse
410 1444 554 1482 scilicet
582 1451 711 1481 motus
747 1444 846 1482 Solis
875 1442 1073 1494 angularis
1104 1455 1126 1479 e

90 1495 211 1536 Terra
229 1504 419 1545 spectatus
434 1511 447 1544 ;
467 1510 557 1534 nam
576 1496 666 1539 cum
689 1497 753 1535 Sol
772 1497 960 1535 describat
977 1508 1127 1543 semper

87 1563 194 1588 areas
212 1549 374 1598 tempori
392 1550 706 1599 proportionales,
739 1563 850 1588 arcus
881 1563 977 1600 quos
996 1547 1126 1586 revera

87 1603 267 1642 describit
284 1610 375 1641 sunt
393 1616 542 1651 semper
569 1603 717 1641 inverse
749 1611 794 1641 ut
825 1603 1026 1647 distantiae,
1059 1601 1126 1640 sed

84 1665 267 1706 praeterea
283 1656 570 1707 magnitudines
580 1664 804 1706 apparentes
819 1670 951 1694 eorum
963 1668 1125 1694 arcuum

85 1724 107 1748 e
129 1709 247 1748 Terra
261 1718 515 1758 spectatorum
530 1718 621 1748 sunt
632 1710 747 1748 etiam
761 1708 909 1747 inverse
928 1719 973 1747 ut
991 1721 1125 1746 eorum

85 1776 109 1800 a
130 1762 249 1801 Terra
267 1763 458 1809 distantia,
489 1775 582 1814 ergo
611 1776 721 1801 arcus
749 1776 844 1813 quos
877 1763 944 1800 Sol
963 1761 1126 1812 singulis

84 1815 333 1865 tempusculis
347 1816 558 1867 aequalibus
571 1815 781 1854 describere
791 1816 942 1853 videtur
953 1829 974 1853 e
988 1812 1120 1862 Terra,

85 1877 177 1907 sunt
194 1869 234 1906 in
254 1867 450 1916 duplicata
468 1869 615 1908 ratione
633 1869 901 1908 distantiarum
920 1867 1079 1906 inverse.

140 1922 195 1972 (Ρ)
218 1924 272 1960 Et
286 1924 449 1961 maxima
466 1925 587 1962 centri
603 1925 763 1973 aequatio
782 1932 834 1962 est
851 1922 924 1960 lgr·
944 1922 1016 1961 56'.
1036 1920 1119 1960 20”.

87 1975 205 2014 Illam
229 1975 299 2012 lgr.
319 1975 392 2014 55¹·
415 1977 498 2014 50⁰.
522 1976 614 2014 facit
625 1977 688 2016 Ill.
716 1977 908 2015 cassinus.

140 2028 196 2081 (q)
232 2031 253 2052 ³*
281 2031 387 2072 Quod
414 2031 447 2067 si
477 2037 601 2068 motus
620 2032 713 2068 Solis
744 2038 836 2069 esset
865 2032 907 2068 in
935 2028 1124 2080 triplicat&

84 2085 233 2121 ratione
250 2082 438 2120 distantiae
457 2083 621 2128 inverse,-
642 2084 791 2121 dicatur
812 2083 858 2121 M
879 2092 1008 2120 motus
1027 2082 1126 2121 Solis

84 2135 127 2172 in
146 2132 327 2173 distantia
345 2134 537 2182 mediocri,
560 2149 648 2187 quae
667 2136 817 2174 dicatur
835 2149 869 2182 a,
891 2144 929 2174 et
947 2136 1125 2174 distantia

84 2188 228 2238 quaevis
255 2187 331 2226 alia
362 2188 411 2226 sit
442 2202 464 2226 a
481 2188 527 2236 ὲ·-
548 2201 599 2236 x;
629 2190 657 2226 si
688 2197 818 2227 motus
841 2189 940 2227 Solis
958 2197 1056 2227 esset
1083 2190 1124 2225 in

83 2238 273 2291 triplicata
283 2241 429 2280 ratione
440 2241 705 2280 distantiarum
718 2241 877 2289 inverse,
892 2242 933 2280 in
945 2241 1126 2284 distantia

393 2308 415 2332 a
434 2298 451 2323 3
610 2328 620 2336 .
839 2310 862 2334 a
877 2297 893 2324 ³
915 2297 964 2334 M

87 2327 208 2375 assx
225 2327 325 2365 foret
345 2350 502 2370 ατς-
523 2329 572 2366 Μ
591 2341 669 2367 sive
690 2351 1128 2358 ——————-

341 2386 365 2411 a
384 2374 422 2409 -1-
444 2384 469 2408 1
487 2362 505 2388 ³
684 2363 766 2416 a³ss
777 2363 1079 2415 3a²21÷3ax²ss
1079 2365 1122 2400 x3

84 2433 153 2465 aut
169 2425 371 2465 formando
389 2426 537 2474 seriem,
557 2428 590 2466 is
607 2437 736 2468 motus
753 2431 794 2467 in
813 2430 994 2469 distantia
1011 2444 1034 2469 a
1047 2431 1088 2478 ὲ
1100 2443 1124 2467 x

309 2484 372 2517 3x

87 2510 159 2551 erit
178 2512 227 2550 M
244 2512 296 2560 ss
307 2534 375 2583 7⁸—
395 2513 443 2550 M
455 2513 602 2551 omissis
612 2514 769 2566 reliquis
787 2515 960 2554 terminis
977 2517 1027 2555 ob
1046 2516 1126 2554 exi-

515 2613 539 2637 X

86 2628 272 2681 guitatem
292 2630 488 2670 fractionis
505 2648 580 2703 ἶ;
611 2632 775 2686 ide6que
803 2631 1019 2674 differentia
1045 2647 1128 2673 mo-

88 2723 152 2754 tus
168 2715 210 2753 in
224 2713 404 2754 distantia
419 2717 507 2756 vera
526 2726 564 2757 et
581 2727 711 2759 motus
729 2720 770 2758 in
790 2718 971 2759 distantia
981 2721 1128 2760 medio-

275 2775 409 2810 -3x

87 2801 142 2840 cri
158 2801 256 2840 foret
278 2815 317 2852 4
345 2825 405 2873 -Ξ-
423 2816 481 2842 m:
505 2804 546 2841 in
561 2804 651 2843 vera
666 2813 796 2844 autem
807 2805 1008 2856 hypothesi
1023 2806 1129 2858 quod

91 2886 190 2925 Solis
215 2895 345 2926 motus
363 2897 506 2928 crescat
537 2890 578 2927 in
611 2892 758 2929 ratione
776 2892 1043 2940 subduplicata
1071 2891 1129 2929 in-

87 2938 198 2979 versa
228 2939 509 2991 distantiarum,
543 2944 677 2982 eodem
707 2945 907 2983 ratiocinio
937 2945 1132 2983 invenitur

930 3000 982 3036 a2
1003 2999 1049 3035 M

859 3066 1130 3116 a²ss2ax†x2

177 3144 186 3154 .
213 3145 224 3154 .
246 3145 256 3154 .
514 3149 524 3157 .
562 3149 573 3158 .
845 3154 895 3160 ...
917 3120 942 3153 2
956 3129 981 3153 Χ

91 3151 130 3183 et
147 3144 333 3185 divisione
350 3147 453 3188 facta
471 3156 543 3187 erit
561 3162 593 3187 is
611 3159 741 3189 motus
768 3150 818 3189 M
847 3166 887 3203 4-
915 3171 977 3220 .-8-
1003 3150 1064 3196 Μ,
1094 3157 1133 3187 et

90 3025 196 3077 quod
211 3025 254 3064 in
268 3029 405 3078 quovis
419 3029 503 3068 loco
517 3039 646 3070 motus
661 3031 759 3070 Solis
771 3032 841 3069 erit

91 3231 307 3272 differentia
335 3235 464 3274 motus
494 3237 573 3275 veri
602 3244 641 3275 et
671 3236 801 3275 motus
829 3235 948 3275 medii
979 3236 1051 3274 erit
1084 3239 1134 3287 ξ

93 3289 159 3323 21

95 3340 156 3389 ῖ-
180 3320 242 3367 Μ,
272 3320 420 3373 eritque
438 3336 530 3375 ergo
548 3325 631 3361 haec
649 3322 866 3362 differentia
884 3322 934 3361 ad
952 3322 1133 3361 differen-

50 3442 55 3448 ,
93 3403 187 3442 tiam
205 3404 246 3441 in
265 3405 388 3454 priore
406 3408 605 3458 hypothesi
623 3408 820 3446 inventam
849 3415 895 3446 ut
927 3413 951 3446 2
982 3407 1031 3445 ad
1050 3411 1073 3444 3
1093 3406 1135 3444 in

95 3457 275 3495 omnibus
288 3459 381 3497 locis
392 3461 775 3510 correspondentibus
787 3476 798 3509 ;
821 3461 887 3500 sed
903 3460 1135 3511 aequationes

96 3509 311 3548 conflantur
340 3523 386 3550 ex
417 3512 571 3552 summa
589 3514 894 3553 differentiarum
911 3511 1041 3551 motus
1058 3513 1136 3551 veri

97 3570 136 3601 et
153 3562 271 3600 medii
290 3573 531 3614 sumptarum
550 3567 592 3604 in
610 3568 790 3606 omnibus
808 3567 903 3605 locis
921 3569 969 3605 ab
988 3566 1139 3616 aphelio

96 3628 221 3667 usque
252 3617 301 3655 ad
333 3617 462 3656 locum
483 3620 579 3657 eum'
591 3617 593 3619 ’
605 3620 674 3658 ubi
704 3620 870 3682 aequatio
902 3619 1139 3668 applicatur;

97 3667 190 3707 cum
209 3682 302 3720 ergo
319 3670 360 3707 in
379 3670 541 3722 utraque
555 3673 756 3722 hypothes¹
774 3672 939 3724 singulae
958 3673 1138 3711 differen-

97 3721 163 3760 tiae
180 3722 308 3761 motiis
325 3724 404 3762 veri
431 3732 470 3763 et
494 3725 615 3763 medii
632 3725 710 3764 sint
726 3725 768 3763 in
785 3725 966 3764 omnibus
984 3725 1141 3774 punctis

98 3776 483 3826 correspondentibus
511 3778 552 3815 in
580 3778 730 3816 ratione
758 3778 947 3817 constanti
977 3783 1001 3816 2
1030 3777 1080 3816 ad
1110 3782 1137 3816 5

99 3835 215 3866 crunt
245 3829 362 3868 etiam
396 3843 560 3869 summae
590 3843 725 3869 earum
754 3831 1057 3869 differentiarum
1094 3831 1136 3869 in

56 3928 73 3931 ἢ
100 3879 195 3920 locis
212 3883 608 3929 correspondentibus,
637 3884 729 3930 ipsae
749 3898 888 3929 nempe
906 3885 1138 3933 aquationes

1321 1225 1378 1293 (ὃ)
1419 1225 1648 1277 Additur
1685 1225 1809 1278 vero
1834 1229 2057 1297 aequatio
2081 1229 2226 1297 prior

1180 1387 1220 1424 in
1250 1386 1385 1425 eadem
1404 1388 1563 1435 ratione,
1593 1402 1686 1440 ergo
1712 1389 1883 1427 maxima
1910 1391 2031 1428 centri
2059 1392 2226 1441 aequatio

1180 1441 1221 1477 in
1241 1442 1439 1490 hypothesi
1458 1440 1548 1479 vera
1568 1451 1717 1480 motum
1740 1443 1838 1481 Solis
1858 1443 2074 1481 decrescere
2091 1446 2132 1481 in
2152 1446 2226 1483 du-

1182 1494 1320 1543 plicata
1339 1495 1486 1533 ratione
1505 1496 1771 1533 distantiarum
1802 1505 1859 1534 cst
1891 1497 1939 1534 ad
1970 1498 2225 1547 aequationem

1180 1549 1390 1585 maximam
1418 1550 1457 1586 in
1486 1550 1686 1599 hypothesi
1706 1549 1841 1588 fictitia
1859 1560 2010 1587 motum
2043 1551 2141 1589 Solis
2160 1553 2226 1590 de·

1181 1614 1348 1639 crescere
1380 1602 1421 1638 in
1453 1602 1644 1651 triplicata
1661 1604 1808 1640 ratione
1828 1604 2095 1642 distantiarum
2128 1615 2174 1643 ut
2202 1611 2225 1643 2

1180 1655 1229 1692 ad
1259 1661 1281 1693 3
1310 1654 1400 1692 curn
1421 1668 1513 1706 ergo
1528 1657 1693 1706 aequatio
1711 1658 1881 1695 maxima
1899 1658 1947 1694 sit
1968 1670 2033 1705 per
2052 1661 2226 1696 observa-

1180 1708 1304 1746 tiones
1320 1709 1390 1746 lgr.
1409 1709 1484 1747 56'.
1500 1709 1584 1748 20¹2
1601 1711 1684 1747 haec
1695 1709 1814 1748 altera
1825 1711 1937 1776 erit}
1963 1716 2004 1756 ><
2044 1712 2113 1748 lgr.
2147 1713 2221 1751 56‘.

1181 1771 1263 1809 200.
1286 1772 1364 1810 sive
1383 1772 1459 1810 23¹·
1482 1774 1554 1812 54'.
1579 1773 1664 1811 Son·
1725 1775 1776 1818 Q·
1794 1788 1825 1812 e.
1840 1775 1876 1812 d.

1226 1824 1279 1877 (³)
1294 1828 1314 1849 ³¹⁵
1332 1829 1390 1865 Et
1397 1835 1597 1877 propterea
1612 1830 1840 1878 oequationes
1854 1833 2040 1877 mamimoe,
2057 1847 2150 1883 quas
2165 1835 2227 1872 in-

1178 1881 1410 1929 aequalitates
1424 1890 1599 1919 motuum
1614 1883 1760 1930 apogoez·
1773 1890 1808 1920 et
1824 1886 2002 1922 nodorum
2020 1888 2153 1924 Lunae
2161 1901 2228 1936 ge-

1179 1940 1329 1979 nerant,
1364 1941 1455 1972 sunt
1485 1937 1535 1972 ad
1568 1934 1641 1971 23¹.
1669 1934 1741 1973 54'.
1768 1935 1850 1973 30⁰.
1874 1945 1917 1975 ul
1937 1947 2063 1977 motus
2083 1943 2229 1980 medius

1179 1990 1321 2035 apogoei
1351 1995 1387 2025 et
1420 1990 1510 2026 nodi
1527 1991 1576 2026 ad
1595 1995 1740 2026 motum
1768 1993 1936 2029 medium
1958 1994 2059 2030 Solis.
2123 1994 2226 2031 Nam

1180 2047 1366 2076 statutum
1398 2048 1456 2078 est
1486 2050 1614 2078 motus
1633 2042 1772 2078 horum
1792 2055 1874 2080 esse
1892 2044 1933 2081 in
1953 2045 2141 2093 triplicata
2168 2060 2227 2084 ra-

1180 2092 1283 2129 tione
1311 2093 1579 2131 distantiarum
1597 2094 1758 2141 inverse,
1792 2095 1841 2155 §t
1869 2111 1896 2148 g
1928 2107 2057 2136 motus
2075 2101 2227 2138 medius

1180 2146 1329 2196 apogaei
1361 2147 1400 2183 in
1432 2147 1617 2185 mediocri
1646 2161 1785 2196 nempe
1817 2149 2010 2197 distantia,
2041 2166 2068 2189 n
2100 2163 2230 2192 motus

1179 2199 1332 2236 medius
1365 2200 1570 2247 nodorum,
1609 2209 1647 2239 et
1683 2214 1724 2238 m
1761 2210 1890 2240 motus
1926 2205 2077 2243 medius
2117 2207 2226 2251 Solis,

1180 2253 1475 2305 decrescantque
1503 2254 1544 2290 in
1571 2254 1760 2303 triplicata
1791 2256 1939 2295 ratione
1970 2254 2121 2296 inversa
2152 2260 2230 2297 dis·-

1181 2307 1405 2354 tantiarum,
1444 2306 1744 2355 deprehenditur
1780 2310 1916 2347 eodem
1953 2312 2071 2349 modo
2107 2326 2150 2350 ac
2187 2313 2229 2350 in

1180 2356 1274 2398 notit
1285 2361 1524 2409 praecedente
1539 2361 1643 2411 quod
1662 2361 1704 2398 in
1722 2363 1894 2412 quolibet
1905 2363 1989 2401 loco
2004 2365 2230 2404 differentiae

1182 2413 1281 2451 inter
1300 2422 1449 2452 motum
1470 2427 1603 2452 verum
1630 2423 1668 2454 et
1694 2424 1846 2453 motum
1865 2417 2095 2456 mediocrem
2117 2427 2231 2458 erunt

1182 2473 1311 2510 —Sx
1398 2473 1537 2510 —Sx
1623 2474 1765 2511 -ΒΧ

1184 2517 1224 2554 4
1249 2522 1312 2572 -a-
1331 2513 1369 2551 g,
1400 2517 1439 2554 4.
1483 2524 1538 2573 a—
1557 2513 1593 2546 n,
1625 2517 1664 2553 4.
1703 2524 1761 2572 -Ξ-
1785 2514 1837 2548 m,
1855 2502 2091 2553 aequationes
2104 2504 2230 2543 maxi-

1183 2600 1258 2624 mae
1277 2593 1368 2624 sunt
1386 2600 1539 2626 summa
1557 2600 1689 2625 earum
1709 2589 1965 2638 quantitatum
1987 2596 2231 2638 sumptarum

1183 2642 1231 2677 ab
1264 2653 1422 2690 apogaeo
1462 2641 1561 2678 Solis
1591 2654 1715 2690 usque
1747 2640 1796 2678 ad
1827 2642 2061 2679 mediocrem
2093 2644 2177 2693 ejus
2207 2656 2232 2681 a

1187 2691 1309 2731 Terra
1327 2693 1559 2738 distantiam,
1589 2693 1719 2744 itaque
1736 2693 1815 2731 illae
1837 2695 2072 2744 aequationes
2089 2695 2231 2733 consti-

1795 2751 1819 2784 3
1834 2759 1859 2782 x
2118 2753 2145 2786 5
2163 2762 2187 2788 x

1183 2785 1349 2817 tuuntur
1366 2791 1434 2828 per
1461 2777 1575 2816 series
1593 2778 1770 2817 omnium
1795 2802 1859 2850 -Ξ-
1875 2792 1912 2830 g,
1928 2781 2103 2819 omnium
2120 2795 2229 2852 Tu,

1363 2896 1373 2905 .
1491 2870 1516 2902 3
1529 2876 1556 2902 Χ
2175 2900 2184 2908 .

1185 2904 1224 2935 et
1267 2909 1445 2935 omnium
1486 2918 1552 2968 -Ξ-
1603 2909 1654 2944 m,
1689 2896 1990 2949 qualescumque
2027 2912 2119 2950 ergo
2155 2909 2232 2938 smt

1186 2982 1264 3021 illae
1282 2982 1512 3034 quantitates
1529 2983 1728 3022 variabiles
1755 2995 1792 3029 x,
1821 2983 1912 3021 cum
1933 2985 2078 3022 eaedem
2097 2985 2172 3023 sint
2189 2986 2231 3023 in

1185 3035 1306 3075 tribus
1336 3036 1440 3074 hisce
1477 3037 1645 3074 seriebus
1676 3049 1839 3074 summae
1877 3050 2010 3075 earum
2046 3039 2232 3076 serierum

1186 3089 1264 3127 sive
1283 3089 1517 3139 aequationes
1534 3089 1726 3136 maximae,
1757 3098 1871 3128 erunt
1889 3091 1987 3129 inter
2016 3104 2055 3129 se
2082 3101 2127 3129 ut
2152 3092 2231 3129 illae

1186 3142 1415 3193 quantitates
1442 3156 1483 3193 g,
1513 3156 1540 3179 n
1572 3150 1610 3181 et
1641 3156 1693 3188 m,
1724 3156 1793 3192 per
1822 3156 1917 3194 quas
1943 3157 2078 3182 omnes
2105 3153 2232 3194 partes

1186 3195 1429 3246 singularum
1444 3196 1599 3234 illarum
1618 3196 1800 3234 serierum
1816 3197 2025 3242 ducuntur,
2046 3197 2123 3235 illae
2142 3197 2232 3237 vero

1185 3248 1417 3299 quantitates
1445 3256 1536 3287 sunt
1566 3257 1696 3287 motus
1725 3250 1843 3287 medii
1874 3252 2035 3301 apogaei‚
2070 3251 2162 3289 nodi
2191 3258 2230 3290 et

1191 3301 1300 3345 Solis,
1322 3314 1414 3353 ergo
1432 3302 1521 3340 data
1537 3302 1617 3340 una
1635 3315 1682 3340 ex
1701 3303 1760 3340 his
1788 3304 2081 3354 aequationibus,
2110 3318 2144 3341 v.
2169 3318 2227 3354 gr.

1188 3352 1279 3392 data
1310 3355 1525 3405 aequatione
1560 3354 1732 3393 maxima
1764 3357 1863 3394 Solis
1894 3364 1932 3394 et
1960 3366 2069 3394 motu
2102 3358 2232 3396 medio

1188 3408 1350 3459 apogaei,
1378 3408 1471 3446 nodi
1498 3415 1536 3447 et
1566 3409 1676 3455 Solis,
1709 3410 1899 3448 habentur
1925 3419 2072 3448 caeterae
2105 3423 2232 3460 aequa-

1188 3461 1313 3499 tiones
1357 3462 1538 3499 maximae
1574 3462 1778 3500 statuendo
1813 3463 1898 3500 illas
1943 3476 2023 3500 esse
2059 3463 2108 3501 ad
2146 3476 2232 3502 eam

1192 3513 1448 3565 aequationem
1467 3513 1608 3559 datam,
1629 3526 1674 3552 ut
1691 3515 1718 3551 ii
1737 3524 1866 3553 motus
1884 3515 2002 3553 medii
2022 3516 2112 3554 dati.

1249 3566 1392 3617 Liquet
1403 3566 1492 3605 vero
1506 3580 1551 3605 ex
1567 3565 1651 3617 ipsa
1664 3569 1735 3605 hac
1746 3566 2082 3614 demonstratione,
2100 3582 2234 3609 verum

1193 3618 1359 3672 quidem*
1370 3620 1467 3658 Solis
1481 3628 1631 3659 motum
1646 3620 1819 3659 medium
1831 3622 1973 3659 assumi
1987 3621 2137 3669 debere,
2156 3636 2233 3661 non

1192 3681 1323 3711 autem
1351 3685 1479 3711 veram
1496 3672 1617 3723 ipsius
1643 3675 1913 3724 aequationem,
1942 3676 2008 3713 sed
2035 3689 2119 3714 eam
2148 3689 2235 3726 quae

1192 3725 1322 3776 prodit
1339 3725 1523 3777 fingendo
1541 3725 1640 3765 solis
1658 3735 1810 3766 motum
1827 3730 1870 3765 in
1887 3728 2077 3778 triplicata
2090 3730 2237 3768 ratione

1194 3779 1460 3818 distantiarum
1481 3779 1707 3819 decrescere.

1248 3832 1300 3884 (³)
1332 3836 1354 3857 *²
1376 3834 1547 3873 Additur
1578 3833 1661 3873 verb
1680 3837 1842 3886 oequatio
1871 3837 2016 3887 apogaei
2039 3836 2168 3875 Lunae
2200 3845 2235 3874 ec

1194 3887 1420 3926 subducitur
1439 3889 1602 3933 aequatio
1621 3887 1713 3927 nodi
1731 3891 1797 3929 ubi
1823 3892 1940 3928 Terra
1955 3894 2078 3940 pergit
2097 3905 2118 3928 a
2133 3904 2237 3937 pert-
