2540 4296
291 304 357 347 6t

764 285 1332 344 PHILOSOPHIAE
1372 284 1825 338 NATURALIS
1901 284 2019 348 [DE
2048 284 2250 336 Mum).
2281 286 2434 338 SYST.

292 433 571 486 dammodo
597 433 794 484 tollitur
818 448 913 499 per
938 427 1340 498 inaequalitatem
1359 435 1678 477 menstruam
1703 432 1874 474 motus
1893 423 2151 476 nodorum
2179 427 2258 492 (ut
2283 441 2437 491 supra

294 523 541 588 diximus)
570 522 790 590 ideoque
814 519 867 569 in
894 517 1093 569 calculo
1117 514 1402 568 latitudinis
1427 513 1563 565 illius
1589 512 1783 584 negligi
1809 521 1995 580 potest.

1180 712 1244 780 (g)
1285 710 1542 763 Scholium.

295 870 388 907 ergo
402 857 518 894 Luna
535 869 558 893 a
579 854 681 893 nodo
696 855 736 893 N
751 854 800 892 ad
813 861 1001 905 punctum
1023 854 1059 892 F
1070 854 1170 893 903‘.
1195 867 1218 891 a
1237 854 1339 890 nodo

296 910 483 952 dissitum,
519 915 648 946 motus
675 908 827 946 medius
858 908 951 946 nodi
987 916 1044 945 est
1071 907 1194 957 major
1229 914 1338 943 motu

296 976 396 1006 vero,
432 970 513 1000 toto
532 975 579 999 eo
597 962 810 1006 intervallo,
846 969 890 999 ut
921 959 1099 1008 superius
1127 959 1193 1010 (ad
1218 959 1335 1007 Prop.

299 1015 521 1061 XXXII.)
536 1022 731 1052 ostensum
747 1022 815 1060 est,
835 1026 929 1064 ergo
941 1012 1139 1061 assumpta
1153 1011 1340 1050 mediocri

295 1066 476 1108 distantia
495 1082 518 1106 a
536 1068 640 1105 nodo
657 1080 745 1117 quae
762 1065 851 1105 vera¹
870 1066 992 1117 major
1009 1073 1078 1111 est,
1099 1072 1138 1103 et
1155 1065 1340 1103 mediocri

296 1122 545 1161 inclinatione
574 1134 663 1173 quae
699 1120 879 1159 convenit
909 1118 968 1157 illi
998 1118 1135 1165 mensi,
1172 1117 1338 1156 latitudo

298 1961 420 2012 major
447 1960 665 2000 invenietur
682 1961 802 2013 quam
829 1961 1045 2010 debuisset3
1074 1962 1141 2001 sed
1158 1960 1343 2013 quoniam

298 2015 339 2051 in
369 2028 458 2052 casu
481 2015 589 2052 istius
607 2014 745 2066 figurae
772 2015 963 2053 minuitur
993 2016 1162 2067 angulus
1179 2016 1342 2053 inclina-

299 2068 415 2106 tionis
434 2069 529 2105 dum
550 2068 668 2106 Luna
686 2075 864 2106 movetur
881 2070 930 2106 ab
961 2069 1001 2107 N
1029 2069 1069 2106 in
1092 2070 1137 2115 F,
1167 2077 1204 2106 et
1222 2069 1256 2105 is
1274 2081 1341 2105 an-

298 2122 417 2171 gulus
431 2121 479 2158 ad
494 2121 727 2159 mediocrem
739 2121 1052 2160 imminutionem
1064 2131 1157 2159 tunc
1173 2121 1344 2170 pervenit

299 2173 390 2211 cum
412 2175 529 2212 Luna
548 2183 604 2212 est
623 2174 662 2211 in
687 2175 720 2212 F
739 2175 898 2220 circiter,
919 2175 1010 2225 quia
1028 2188 1116 2213 area
1138 2177 1175 2212 N
1197 2176 1227 2211 F
1241 2176 1267 2211 h
1288 2182 1345 2211 est

298 2226 380 2264 fere
400 2227 661 2265 semtcirculo
681 2228 850 2278 aequalis,
880 2229 971 2265 hinc
988 2227 1185 2266 inclinatio
1213 2227 1345 2264 orbitae

300 2280 490 2331 angulum
510 2281 696 2331 majorem
724 2280 841 2318 efficit
859 2280 975 2330 quam
1003 2281 1036 2318 is
1062 2282 1128 2331 qui
1150 2293 1216 2329 per
1234 2280 1343 2318 incli-

302 2333 498 2370 nationem
526 2333 758 2371 mediocrem
788 2333 1028 2382 supponitur,
1059 2334 1164 2371 unde
1182 2333 1346 2371 latitudo

301 2399 391 2423 vera
417 2388 541 2438 major
560 2386 686 2424 evadit
704 2385 822 2436 quam
851 2400 896 2424 ea
922 2399 1009 2436 quae
1027 2396 1181 2435 propter
1199 2385 1346 2423 medio·

301 2452 405 2477 crem
425 2439 715 2477 inclinationem
735 2440 868 2476 orbitae
886 2440 1100 2477 obtinetur:
1124 2440 1214 2477 hinc
1234 2451 1280 2477 ex
1299 2453 1346 2477 eo

301 2492 408 2542 quod
426 2492 519 2530 nodi
538 2491 667 2530 motfis
678 2492 881 2530 mediocris
900 2493 985 2531 loco
997 2492 1125 2530 motus
1145 2494 1221 2530 veri
1240 2506 1345 2530 assu-

303 2545 433 2589 mitur,
466 2546 662 2583 invenitur
689 2545 854 2583 latitudo
879 2548 1002 2598 major
1021 2559 1119 2590 vera,
1150 2548 1216 2583 sed
1235 2558 1281 2583 ex
1301 2557 1348 2583 eo

302 2600 407 2649 quod
434 2599 633 2637 inclinatio
660 2598 863 2636 mediocrIs
886 2599 1094 2637 assumitur
1121 2600 1207 2637 loco
1235 2612 1346 2645 verae,

303 2652 500 2690 invenitur
534 2651 702 2690 latitudo
741 2652 867 2689 minor
902 2652 991 2690 vera
1012 2667 1024 2699 ;
1071 2652 1349 2702 inaequalitates

303 2705 681 2755 itaquemenstruae,
718 2717 815 2756 quas
842 2705 999 2744 variatio
1026 2706 1285 2743 inclinationis
1311 2713 1351 2743 et

304 2766 436 2796 motus
454 2758 646 2796 nodorum
665 2758 889 2804 admittunt,
910 2772 991 2796 sese
1009 2768 1149 2797 mutuo
1167 2771 1349 2807 compen-

305 2819 392 2850 sant
405 2811 447 2849 in
461 2811 610 2850 calculo
622 2811 846 2849 latitudinis.
893 2812 1031 2850 Caeteri
1047 2825 1158 2850 casus
1173 2812 1350 2850 eamdem

307 2865 662 2913 compensationem
679 2863 938 2913 suppeditant,
969 2878 1003 2902 v.
1025 2878 1083 2917 gr.
1117 2865 1211 2902 dum
1233 2865 1351 2903 Luna

307 2930 354 2956 ex
378 2918 411 2956 F
429 2917 470 2955 in
489 2930 515 2968 q
532 2925 722 2964 movetur,
750 2925 880 2955 motus
898 2930 1010 2955 verus
1028 2918 1121 2955 nodi
1149 2924 1207 2954 est
1224 2918 1351 2955 minor

305 2978 418 3009 motu
435 2984 537 3017 vero,
557 2970 648 3008 hinc
662 2971 780 3008 Luna
798 2979 854 3008 est
864 2969 996 3009 revera
1009 2971 1189 3009 remotior
1207 2984 1230 3008 a
1247 2971 1352 3009 nodo

306 3023 425 3075 quam
444 3024 625 3062 statuitur
638 3036 706 3072 per
716 3031 867 3061 motum
881 3024 1055 3062 medium
1067 3024 1171 3070 nodi,
1187 3023 1351 3075 ideoque

306 3076 475 3115 latitudo
492 3077 617 3128 major
635 3076 866 3126 supponitur
882 3075 1000 3127 quam
1018 3085 1076 3115 est
1105 3078 1212 3128 (quia
1230 3078 1272 3114 in
1292 3091 1351 3116 se-

308 3131 441 3168 cundo
458 3131 671 3181 quadrante
698 3143 721 3167 a
748 3129 852 3167 nodo
870 3129 948 3180 quo
967 3131 1123 3179 propior
1149 3137 1206 3168 est
1235 3130 1352 3169 Luna

309 3197 334 3222 a
362 3183 466 3221 nodo
499 3183 726 3221 ascendente
761 3183 814 3229 N,
852 3181 1018 3234 ideoque
1048 3197 1094 3221 eo
1122 3183 1302 3222 remotior
1329 3199 1354 3223 a

310 3236 566 3274 descendente
599 3249 635 3280 n,
668 3234 715 3274 εδ
746 3236 829 3286 ejus
847 3237 1011 3275 latitudo
1042 3245 1100 3274 est
1124 3237 1265 3288 major)
1286 3238 1352 3276 sed

310 3289 403 3327 cum
435 3290 558 3327 orbita
577 3290 705 3329 Lunae
722 3289 900 3327 habuerit
928 3290 969 3327 in
1002 3290 1035 3328 F
1064 3290 1353 3328 inclinationem

308 3342 556 3388 mediocrem,
593 3350 760 3393 augetur
787 3342 821 3379 is
850 3343 1020 3394 angulus
1051 3343 1147 3381 dum
1179 3352 1355 3382 movetur

311 3396 431 3434 Luna
449 3398 497 3434 ab
520 3396 553 3434 F
571 3396 620 3434 ad
634 3408 676 3446 q,
705 3393 870 3446 ideoque
889 3396 1121 3435 assumendo
1140 3410 1224 3434 eam
1243 3397 1354 3435 incli-

308 3450 506 3486 nationem
536 3448 783 3495 mediocrem,
817 3450 944 3487 minor
970 3450 1165 3488 obtinetur
1192 3450 1355 3488 latitudo

309 3501 427 3552 quam
460 3502 590 3540 revera
621 3510 691 3548 est,
729 3514 834 3553 ergo,
869 3510 1023 3551 propter
1053 3503 1354 3553 inaequalitatem

309 3554 439 3592 motus
457 3555 561 3600 nodi,
584 3555 749 3594 latitudo
760 3569 847 3606 quae
866 3568 912 3593 ex
931 3563 1041 3594 motu
1060 3556 1151 3593 nodi
1171 3556 1354 3594 mediocri

308 3608 480 3652 habetur,
510 3617 567 3646 est
593 3609 716 3658 major
735 3607 835 3652 vera,
865 3608 1030 3646 latitudo
1047 3622 1135 3659 quae
1162 3610 1357 3647 obtinetur

309 3672 355 3696 ex
376 3660 625 3700 inclinatione
639 3662 824 3700 mediocri
842 3669 899 3700 est
917 3663 1043 3700 minor
1058 3661 1158 3707 vera,
1174 3674 1355 3712 compen·

308 3720 442 3750 santur
460 3724 551 3763 erqo
571 3727 727 3762 erroreS,
746 3716 816 3753 &a

365 3765 421 3825 (αέ)
444 3770 465 3790 ¹*
489 3761 692 3807 Scholium.
745 3768 900 3807 Scholio
917 3769 990 3806 hoc
1008 3768 1126 3807 tradit
1143 3768 1357 3807 Newtonus

309 3826 478 3856 rationes
496 3821 639 3870 quibus
656 3820 833 3871 quaedam
862 3834 908 3859 ex
938 3822 1217 3872 aequationibus
1245 3822 1354 3859 luna-

307 3871 416 3908 ribus
432 3871 482 3909 ad
501 3873 670 3912 calculos
687 3874 854 3912 revocari
873 3875 1033 3924 possint,
1055 3874 1123 3912 sed
1141 3874 1355 3913 dolendum

1394 858 1452 890 est
1477 849 1592 888 illum
1611 863 1690 888 non
1717 849 1910 899 aperuisse
1927 847 2006 887 vias
2024 848 2166 899 quibus
2184 857 2279 886 usus
2305 856 2362 885 est
2387 846 2439 885 ad

1393 917 1457 942 eas
1493 903 1804 940 concinnandas:
1852 903 2047 942 defectum
2084 903 2188 939 hunc
2226 908 2438 950 utcumque

1391 969 1567 1006 reparare
1594 969 1731 994 sumus
1750 957 1892 1003 conati,
1922 963 1961 993 et
1986 955 2190 992 methodos
2216 954 2438 1002 aperuimus

1391 1011 1532 1060 quibus
1559 1022 1605 1046 ex
1633 1009 1830 1059 gravitatis
1849 1006 1998 1047 theoria
2016 1021 2080 1045 eas
2107 1007 2342 1057 aequationes
2369 1006 2437 1043 de-

1391 1063 1531 1101 ducere
1550 1062 1688 1107 liceat;
1717 1069 1909 1112 quantum
1940 1061 2023 1099 fieri
2054 1061 2180 1109 potuit
2208 1060 2345 1097 iisdem
2378 1058 2437 1096 usi

1391 1129 1527 1153 sumus
1544 1114 1735 1153 methodis
1752 1127 1846 1164 quas
1868 1116 2063 1153 Newtono
2081 1112 2290 1151 familiares
2317 1111 2437 1149 fuisse

1390 1176 1550 1213 constat,
1573 1176 1611 1205 et
1629 1167 1678 1205 ad
1697 1168 1781 1218 ejus
1798 1168 2011 1206 solutiones
2028 1166 2201 1214 proxime
2220 1177 2292 1202 nos
2310 1176 2437 1202 acces-

1391 1223 1483 1259 sisse
1510 1221 1721 1270 percipient
1749 1220 1817 1257 viri
1846 1217 1949 1258 docti
1976 1218 2069 1257 curn
2087 1218 2219 1267 paucis
2248 1218 2437 1255 duntaxat

1391 1274 1572 1312 secundis
1609 1276 1656 1312 ab
1692 1274 1813 1321 ipsius
1850 1272 2022 1311 numeris
2058 1271 2228 1309 discedat
2264 1270 2438 1309 calculus

1391 1335 1532 1373 noster,
1560 1336 1599 1365 et
1626 1327 1708 1377 ejus
1735 1326 2017 1376 consequentiae
2035 1324 2162 1373 planae
2188 1324 2267 1361 sint
2294 1322 2439 1360 similes

1390 1381 1437 1418 iis
1464 1393 1558 1431 quas
1585 1393 1632 1418 ex
1660 1380 1739 1417 suis
1760 1379 1964 1428 Principiis
1986 1379 2202 1416 Newtonus
2229 1375 2436 1423 derivavit3

1390 1441 1525 1472 utrum
1543 1433 1628 1471 aliis
1641 1432 1833 1470 methodis
1851 1445 1911 1470 res
1929 1432 2080 1469 felicius
2098 1430 2239 1468 absolvi
2255 1429 2435 1478 potuerit,

1391 1486 1557 1525 viderint
1576 1486 1788 1533 doctiores3
1809 1498 2006 1533 speramus
2020 1492 2149 1522 tamen
2169 1484 2238 1520 hos
2257 1482 2436 1529 calculos,

1391 1548 1437 1578 ut
1467 1538 1649 1590 legitimis
1676 1538 1873 1587 principiis
1904 1540 2026 1583 nixos,
2062 1536 2269 1574 lectoribus
2300 1536 2438 1573 nostris

1391 1600 1521 1644 gratos
1539 1592 1633 1636 fore,
1665 1600 1705 1629 et
1733 1591 1831 1628 forte
1861 1603 1926 1628 eos
1949 1591 2086 1641 juvare
2113 1599 2158 1626 ut
2186 1588 2327 1625 melius
2343 1588 2438 1638 quid

1393 1646 1636 1695 excogitent:
1671 1651 1852 1682 caeterum
1880 1645 1952 1681 hoc
1983 1641 2174 1680 scholium
2200 1642 2240 1678 in
2267 1642 2439 1691 quinque

1392 1700 1651 1749 paragraphos
1669 1696 1871 1735 commode
1890 1695 2065 1734 distribui
2083 1702 2233 1743 potest3
2253 1694 2294 1731 in
2314 1695 2439 1742 primo

1395 1753 1612 1790 Newtonus
1630 1751 1775 1788 indicat
1792 1749 1986 1787 calculum
2006 1749 2088 1798 ejus
2107 1747 2332 1797 aequationis
2354 1747 2436 1784 Lu-

1392 1818 1466 1851 nae,
1499 1818 1587 1855 quae
1616 1803 1779 1854 aequatio
1811 1803 1943 1841 solaris
1971 1802 2096 1851 prima
2115 1800 2276 1838 dicitur:
2309 1801 2350 1837 in
2378 1814 2436 1838 se·

1392 1858 1534 1905 cundo,
1554 1858 1671 1896 tradit
1689 1856 1924 1907 aequationes
1951 1856 2092 1893 solares
2104 1852 2232 1891 motas
2246 1853 2438 1891 nodorum

1392 1920 1431 1950 et
1466 1911 1616 1962 apogaei
1653 1911 1806 1955 Lunae;
1841 1909 1883 1946 in
1918 1909 2032 1948 tertio
2067 1908 2174 1945 illam
2212 1908 2439 1957 aequationis

1391 1964 1524 2003 solaris
1543 1965 1819 2002 correctionem
1838 1961 1953 2004 tradit
1980 1974 2069 2013 quae
2087 1963 2135 1998 ab
2154 1959 2438 1998 excentricitate

1392 2018 1527 2056 orbitae
1556 2017 1703 2054 lunaris
1734 2009 1975 2064 pendetfiin
2006 2023 2143 2065 quarto
2169 2013 2284 2050 aliam
2312 2013 2439 2051 adhuc

1393 2071 1667 2109 correctionem
1681 2068 1907 2119 aequationis
1919 2068 2051 2106 solaris
2065 2067 2183 2108 addit,
2198 2079 2284 2117 quae
2299 2079 2438 2115 nempe

1392 2125 1515 2162 oritur
1542 2137 1586 2161 ex
1616 2122 1865 2160 inclinatione
1884 2122 2017 2160 orbitae
2035 2120 2181 2158 lunaris
2208 2120 2257 2157 ad
2276 2119 2437 2170 planum

1392 2177 1599 2226 eclipticae3
1628 2177 1668 2212 in
1688 2176 1823 2225 quinto
1842 2174 2008 2225 denique
2025 2175 2106 2224 agit
2132 2173 2181 2210 de
2212 2172 2437 2222 aequationi-

1392 2232 1465 2268 bus
1479 2228 1607 2267 motus
1623 2229 1749 2266 Lunae
1767 2236 1805 2266 et
1822 2229 1905 2278 ejus
1924 2228 2084 2278 apogaei,
2097 2239 2184 2277 quae
2203 2225 2372 2274 pendent
2390 2238 2438 2263 ex

1392 2284 1468 2321 situ
1487 2282 1636 2333 apogaei
1657 2282 1784 2320 Lunae
1803 2289 1977 2329 respectu
2000 2280 2109 2318 Solis.

1450 2337 1506 2375 Ut
1524 2344 1654 2373 autem
1673 2335 1757 2372 haec
1784 2334 1915 2372 omnia
1942 2342 1981 2371 et
2006 2332 2248 2382 potissimum
2278 2345 2322 2370 ea
2348 2345 2436 2382 quae

1395 2390 1650 2440 aequationem
1689 2388 1851 2426 solarem
1890 2387 2018 2425 Lunae
2054 2393 2237 2434 spectant,
2276 2394 2314 2422 et
2349 2398 2437 2435 quae

1394 2443 1531 2492 primo,
1562 2441 1673 2479 tertio
1700 2448 1739 2478 et
1764 2447 1901 2491 quarto
1929 2440 2166 2489 paragrapho
2193 2453 2216 2476 a
2246 2439 2438 2476 Newtono

1395 2495 1627 2541 indicantur,
1646 2492 1789 2531 melius
1806 2492 2082 2543 intelligantur,
2104 2500 2229 2529 totum
2250 2505 2339 2528 eum
2359 2490 2438 2528 cal-

1395 2549 1529 2587 culum
1557 2547 1681 2598 qualis
1712 2560 1758 2585 ex
1789 2544 1937 2585 theoria
1954 2545 2148 2595 gravitatis
2178 2543 2438 2581 instituendus

1397 2601 1507 2640 nobis
1524 2601 1735 2647 videbatur,
1764 2612 1845 2639 uno
1871 2607 2002 2637 tenore
2029 2597 2261 2636 tradendum
2287 2596 2437 2636 censui-

1396 2669 1496 2694 mus.

1397 2764 1461 2802 De
1479 2764 1707 2801 incremento
1726 2759 1849 2800 monis
1865 2762 1979 2800 medii
1999 2760 2140 2805 Lunae,
2161 2766 2196 2797 et
2213 2759 2294 2809 ejus
2307 2772 2436 2809 aequa-

1452 2817 1552 2853 tione
1570 2812 1719 2859 annua,
1745 2828 1781 2852 ‘t'
1799 2817 1890 2853 Salas
1908 2815 2055 2851 actione
2070 2814 2331 2861 pendentibus,
2356 2813 2438 2860 pri-

1452 2883 1563 2906 mum
1576 2870 1618 2906 in
1633 2868 1824 2918 hypothesi
1835 2869 1959 2905 orbem
1971 2869 2101 2905 Lunae
2113 2878 2187 2904 esse
2201 2867 2438 2910 circularem,

1445 2929 1575 2971 postea
1594 2923 1636 2959 in
1651 2922 1840 2970 hypothesi
1854 2922 1973 2958 orbem
1987 2921 2117 2958 Lunoe
2130 2932 2203 2956 esse
2216 2920 2436 2967 ellipticum.

1452 2976 1647 3025 Denique·
1659 2976 1703 3013 in
1730 2975 1813 3012 orbe
1848 2974 1980 3012 lunari
2016 2974 2067 3010 ad
2094 2973 2303 3022 eclipticam
2329 2972 2439 3009 incli-

1452 3034 1553 3066 nato.

1776 3132 2004 3172 THEOR.
2039 3126 2071 3170 Υ.

1458 3241 1612 3289 Corpus
1634 3239 1669 3278 P
1687 3240 1904 3278 revolvatur
1916 3239 1957 3276 in
1972 3237 2117 3276 circulo
2134 3241 2170 3276 A
2189 3239 2230 3276 D
2246 3239 2281 3276 B
2298 3238 2331 3277 C
2343 3238 2444 3276 circa.

1403 3305 1542 3342 corpus
1561 3295 1598 3332 T
1619 3306 1641 3331 a
1658 3306 1736 3343 quo
1755 3294 1962 3331 retineatur
1977 3305 2046 3340 per
2063 3291 2142 3328 vim
2160 3292 2443 3329 decrescentem

1404 3346 1618 3384 secundum
1629 3346 1814 3396 quadrata
1828 3344 2095 3383 distantiarum
2108 3359 2119 3391 3
2140 3344 2295 3382 accedat
2313 3351 2444 3381 autem

1406 3400 1462 3436 vis
1497 3399 1674 3450 quaedam
1711 3406 1889 3436 constans
1924 3410 2012 3447 quae
2048 3399 2215 3436 retrahat
2258 3406 2443 3446 perpetuo

1406 3465 1546 3502 corpus
1563 3453 1595 3490 P
1614 3465 1637 3490 a
1650 3464 1808 3500 corpore
1821 3451 1979 3489 centrali
1996 3451 2045 3496 T,
2062 3450 2127 3488 sed
2142 3463 2228 3501 quae
2242 3451 2291 3487 sit
2305 3450 2446 3499 exigua

1407 3513 1582 3554 respectu
1602 3505 1658 3542 vis
1676 3506 1761 3555 ejus
1780 3504 1949 3553 corporis
1970 3504 2032 3550 T;
2061 3512 2100 3541 et
2118 3503 2354 3541 describatur
2371 3502 2445 3539 cir-

1406 3559 1519 3596 culus
1545 3572 1569 3596 a
1597 3559 1622 3595 d
1649 3560 1674 3596 b
1701 3571 1722 3596 c
1750 3559 1791 3595 in
1819 3558 1884 3595 tali
1904 3554 2086 3595 distantia
2103 3564 2149 3594 ut
2165 3556 2363 3594 residuum
2390 3555 2446 3592 vis

1406 3624 1523 3661 quam
1538 3618 1730 3649 exerceret
1748 3623 1887 3659 corpus
1902 3611 1938 3648 T
1953 3610 1993 3647 in
2008 3608 2054 3647 ea
2065 3607 2246 3649 distantia
2260 3606 2447 3660 (detracta

1407 3663 1455 3701 ea
1473 3664 1509 3701 vi
1527 3663 1726 3713 extranea)
1746 3664 1795 3701 sit
1812 3663 1861 3701 ad
1878 3663 1957 3701 vim
1971 3661 2049 3713 qua
2067 3674 2204 3710 corpus
2223 3662 2257 3699 P
2277 3661 2445 3699 revolve-

1406 3720 1520 3755 batur
1537 3718 1577 3754 in
1596 3717 1740 3755 circulo
1763 3717 1801 3754 A
1825 3718 1867 3755 D
1884 3717 1918 3754 B
1934 3717 1967 3754 C
1986 3713 2133 3752 inverse
2153 3723 2197 3752 ut
2214 3715 2301 3752 cubi
2322 3714 2446 3752 radio·

1408 3783 1495 3808 mm
1526 3771 1563 3808 T
1590 3783 1628 3819 p,
1659 3771 1695 3808 T
1725 3770 1761 3808 P
1775 3785 1787 3817 ;
1816 3769 1915 3816 dico,
1944 3770 2046 3818 quod
2065 3774 2219 3816 propter
2237 3767 2344 3805 illam
2369 3768 2448 3804 vim

1411 3831 1632 3861 extraneam
1652 3823 1719 3861 fiet
1736 3831 1782 3860 ut
1799 3834 1937 3870 corpus
1950 3820 2096 3859 Pcirca
2114 3820 2302 3858 circulum
2322 3833 2344 3856 a
2355 3819 2380 3857 d
2392 3822 2416 3856 b
2428 3831 2450 3857 c

1411 3876 1617 3922 oscilletur,
1638 3889 1742 3914 nunc
1759 3873 1978 3914 citramunc
1996 3872 2098 3912 ultra
2110 3873 2292 3919 delatum,
2314 3883 2452 3923 parum
