2540 4296
279 261 347 306 26
746 249 1315 306 PHILOSOPHIAE
1356 251 1809 304 NATURALIS
1885 253 2002 317 [DE
2033 252 2235 305 Mum).
2266 255 2422 308 SYs'r.-

279 396 374 449 ties
411 395 616 467 signum
643 395 819 466 anguli
844 395 1057 465 alicujus
1096 395 1162 446 de
1199 396 1502 447 affirmativo
1539 397 1593 447 in
1631 398 1943 468 negativum,
1984 398 2150 469 deque
2176 399 2419 470 negativo

278 487 333 537 in
372 486 734 538 affirmativum
758 495 1001 549 mutatur,
1046 486 1254 537 debebit
1277 496 1446 538 motus
1485 488 1801 558 regressivus
1843 488 1897 538 in
1938 489 2323 559 progressivum
2367 499 2419 539 et

276 576 630 646 progressivus
673 577 728 627 in
771 576 1118 646 regressivum
1160 576 1364 627 mutari.
1444 575 1602 628 Unde
1646 577 1706 627 fit
1748 588 1806 628 ut
1848 577 1972 627 nodi
2016 578 2417 647 progrediantur

278 666 477 737 quoties
504 666 657 717 Luna
681 666 816 718 inter
841 665 1208 735 quadraturam
1231 665 1534 716 alterutram
1572 675 1623 717 et
1659 665 1853 717 nodum
1881 665 2212 735 quadraturae
2236 665 2415 733 proxi-

274 775 418 809 mum
445 765 693 808 versatur.

769 756 900 808 Aliis
927 756 982 806 in
1007 756 1206 808 casibus
1233 755 1615 827 regrediuntur,
1657 765 1708 807 et
1731 775 1826 825 per
1851 774 2122 806 excessum
2147 774 2412 827 regressus

276 866 433 917 supra
456 865 787 918 progressum
814 847 1028 917 singulis
1053 846 1311 898 mensibus
1337 845 1573 898 feruntur
1597 845 1650 896 in
1677 845 2048 897 antecedentia.

271 1010 390 1050 tatur,
419 1005 556 1042 debebit
573 1011 697 1043 motus
723 1005 946 1054 regressivus
973 1004 1015 1041 in
1039 1004 1315 1053 progressivum

271 1063 305 1095 et
320 1060 575 1107 progressivus
593 1059 634 1096 in
653 1059 897 1107 regressivum
916 1058 1072 1094 mutari.

325 1111 412 1149 Art.
439 1114 473 1147 1.
531 1110 571 1149 Si
588 1117 664 1148 tres
681 1110 817 1161 anguli
836 1108 912 1147 sint
929 1109 1093 1158 positivi,
1120 1108 1313 1147 nodorum

272 1170 401 1201 motus
419 1162 491 1201 erit
508 1163 752 1214 regressivus.

327 1216 380 1254 In
398 1217 470 1254 hoc
489 1229 591 1261 casu,
620 1229 732 1255 arcus
762 1218 800 1254 A
822 1215 864 1253 N
891 1222 1024 1253 contra
1041 1214 1214 1254 ordinem
1233 1215 1311 1266 sig-

272 1281 412 1307 norum
426 1277 604 1319 sumptus
617 1282 697 1307 non
711 1269 861 1307 excedit
875 1268 1189 1310 semi-circulum,
1206 1268 1313 1307 ideo-

271 1334 348 1373 que
375 1330 567 1372 punctum
587 1323 629 1360 N
656 1323 728 1361 erit
758 1323 801 1359 in
829 1322 1089 1360 semi-circulo
1123 1323 1162 1359 A
1186 1323 1227 1366 Q
1249 1324 1310 1370 133

270 1383 453 1425 praeterea
467 1389 579 1414 arcus
595 1377 637 1421 Q
651 1376 683 1413 P
697 1374 911 1414 secundum
925 1375 1101 1412 ordinem
1114 1375 1313 1427 signorum

270 1436 459 1478 sumptus,
494 1434 570 1467 180
586 1442 644 1480 gr.
662 1442 741 1466 non
761 1428 920 1472 excedit,
952 1428 1023 1466 erit
1041 1428 1170 1478 itaque
1189 1442 1313 1477 punc-

269 1488 356 1519 tum
388 1482 424 1520 P
453 1482 495 1519 in
523 1481 782 1520 semi-circulo
805 1482 847 1526 Q
875 1481 911 1519 A
931 1494 979 1531 q;
1010 1481 1176 1532 denique
1202 1495 1313 1520 arcus

271 1534 315 1572 N
335 1534 372 1573 P
390 1534 650 1573 semi-circulo
667 1537 790 1587 major
807 1548 888 1572 esse
907 1547 987 1572 non
1006 1534 1129 1580 debet,
1157 1535 1224 1573 sed
1243 1548 1311 1584 po-

268 1594 341 1625 test
368 1588 429 1626 vel
461 1587 672 1638 quadrante
689 1588 819 1627 minor
849 1588 909 1626 vel
936 1588 1149 1638 quadrante
1176 1589 1310 1640 major,

268 1640 318 1678 sit
339 1641 379 1679 N
399 1641 434 1679 P
451 1641 663 1691 quadrante
681 1641 809 1680 minor
827 1648 872 1679 ut
889 1641 930 1678 in
950 1639 1077 1691 figura
1095 1649 1234 1688 textus,
1268 1642 1311 1679 in

266 1691 346 1744 qua
363 1694 521 1744 reliquae
552 1696 668 1746 hujus
687 1708 797 1732 casus
825 1694 1064 1733 conditiones
1090 1703 1310 1742 occurrunt,

266 1759 314 1785 ex
325 1747 408 1796 ipsa
422 1748 583 1798 hujusce
595 1748 854 1797 proportionis
862 1747 1144 1786 constructione

266 1799 390 1851 liquet
416 1800 522 1852 quod
554 1800 671 1839 ducta
705 1803 752 1839 M
783 1802 819 1839 L
848 1814 935 1852 quae
963 1801 1144 1850 exprimit

266 1853 456 1892 actionem
472 1854 583 1899 Solis,
604 1853 793 1904 producta
810 1856 856 1892 M
877 1855 911 1892 P
929 1867 1015 1904 quae
1030 1854 1144 1892 lineae

267 1906 460 1945 nodorum
479 1909 647 1947 occurrit
677 1908 718 1945 in
750 1922 802 1952 m,
837 1905 1026 1957 producta
1054 1908 1084 1945 L
1108 1908 1143 1945 P

266 1972 354 2010 quae
372 1961 538 1999 occurrit
554 1962 672 2010 plano
690 1961 875 2010 eclipticae
902 1961 944 1998 in
971 1961 998 2006 l,
1027 1960 1080 1998 ita
1098 1970 1144 1999 ut

266 2025 307 2050 m
325 2013 341 2051 1
358 2014 407 2052 sit
424 2014 604 2063 parallela
622 2015 735 2052 lineae
755 2016 803 2053 M
824 2015 873 2061 L,
903 2014 995 2053 cum
1027 2014 1063 2052 L
1095 2014 1144 2052 sit

266 2079 397 2105 versus
413 2067 541 2105 Solem
561 2076 737 2118 respectu
751 2069 885 2117 puncti
906 2069 954 2106 M
973 2074 1013 2105 et
1029 2067 1143 2105 lineae

268 2120 318 2158 M
341 2120 376 2159 P
393 2134 447 2167 m,
471 2121 506 2158 L
526 2121 588 2159 Pl
615 2135 696 2159 sese
714 2122 930 2166 decussent‚
950 2129 1142 2170 punctum

266 2173 280 2210 1
299 2173 371 2211 erit
388 2174 573 2212 remotius
590 2189 614 2213 a
635 2175 723 2213 Sole
742 2174 858 2226 quam
878 2181 1067 2224 punctum
1087 2187 1140 2221 m,

266 2224 433 2278 ideoque
449 2227 618 2279 angulus
640 2232 674 2266 A
699 2229 736 2266 T
753 2229 765 2265 l
794 2230 917 2280 major
934 2228 1007 2266 erit
1024 2226 1142 2278 quam

267 2281 437 2331 angulus
471 2283 508 2319 A
532 2281 569 2319 T
586 2295 640 2328 m,
674 2294 767 2333 ergo
799 2282 926 2320 nodus
942 2289 1143 2330 promotus

267 2341 325 2372 est
353 2343 487 2372 contra
516 2335 693 2373 ordinem
721 2336 936 2386 signorum,
967 2336 1041 2373 hoc
1071 2341 1140 2381 est,

267 2387 350 2438 ejus
366 2395 496 2425 motus
514 2395 571 2425 est
587 2388 830 2439 regressivus.

324 2440 382 2479 Sit
401 2441 443 2479 N
466 2442 501 2480 P
517 2442 730 2492 quadrante
748 2442 882 2493 major,
916 2449 1002 2480 tum
1028 2440 1142 2479 lineae

271 2493 307 2531 P
328 2495 389 2540 M,
426 2494 461 2532 P
483 2495 517 2533 L
537 2507 616 2532 non
635 2495 802 2544 amplius
821 2503 935 2533 erunt
951 2501 1141 2543 retropro-

267 2546 457 2585 ducendae
474 2556 521 2586 ut
538 2560 628 2586 cum
647 2547 751 2586 linea
781 2549 817 2587 T
840 2550 879 2587 N
898 2556 1140 2594 concurrant,

266 2600 334 2639 sed
351 2609 566 2641 antrorsum
585 2601 785 2652 productae
803 2609 1033 2641 concurrent
1050 2614 1143 2640 eum

272 3676 355 3728 ejus
372 3674 627 3726 productione
658 3674 695 3713 T
713 3686 753 3721 n,
782 3680 821 3712 et
846 3671 1034 3724 quoniam
1051 3684 1131 3710 sese
1149 3683 1229 3710 non
1247 3669 1313 3709 do-

273 3736 437 3775 cuasam,
464 3727 635 3768 manebit
651 3734 844 3777 punctum
869 3727 885 3765 1
910 3725 1068 3775 propius
1089 3724 1169 3763 Soli
1196 3722 1314 3775 quam

275 3792 466 3833 punctum
484 3796 553 3831 m;
582 3789 621 3821 et
638 3782 807 3832 angulus
838 3782 873 3819 A
898 3779 969 3819 'sl
994 3778 1122 3816 minor
1148 3777 1220 3816 erit
1245 3788 1314 3816 an-

1368 1002 1465 1053 gulo
1487 1003 1525 1040 A
1549 1002 1586 1040 T
1603 1015 1656 1048 m,
1685 1001 1852 1055 ideoque
1869 1001 2059 1052 producta
2076 1001 2181 1041 linea
2207 1003 2223 1041 1
2245 1004 2281 1042 Τ
2297 1003 2340 1041 in
2361 1002 2411 1048 V,

1369 1055 1539 1106 angulus
1561 1056 1598 1093 A
1622 1056 1658 1094 T
1678 1056 1717 1094 V
1735 1056 2064 1105 complementum
2090 1057 2140 1095 ad
2166 1056 2265 1094 duos
2291 1064 2415 1095 rectos

1367 1109 1502 1159 anguli
1533 1109 1572 1146 A
1596 1109 1631 1147 T
1650 1110 1676 1155 l,
1707 1111 1830 1161 major
1849 1110 1922 1148 erit
1939 1110 2087 1160 angulo
2118 1110 2156 1149 A
2179 1111 2215 1148 T
2239 1111 2280 1149 N
2307 1122 2414 1148 com-

1366 1162 1563 1212 plemento
1595 1163 1644 1200 ad
1676 1163 1775 1201 duos
1803 1170 1927 1201 rectos
1955 1163 2090 1215 anguli
2122 1164 2160 1201 A
2182 1163 2219 1201 T
2237 1176 2290 1209 m,
2319 1175 2415 1214 ergo

1367 1215 1494 1253 nodus
1515 1216 1554 1253 N
1574 1224 1773 1265 promotus
1791 1223 1848 1254 est
1865 1223 1997 1254 contra
2015 1216 2191 1254 ordinem
2209 1216 2413 1266 signorum

1366 1277 1412 1307 ut
1429 1269 1559 1317 prius;
1590 1282 1682 1319 ergo
1700 1270 1937 1320 ubicumque
1955 1270 2003 1307 sit
2021 1277 2211 1319 punctum
2235 1270 2269 1307 P
2287 1269 2317 1307 si
2337 1278 2414 1307 tres

1367 1323 1503 1373 anguli
1528 1324 1616 1367 QT
1634 1323 1681 1369 Ρ,
1704 1323 1744 1360 Ν
1763 1324 1799 1361 Τ
1817 1323 1864 1369 Ρ,
1888 1324 1915 1362 S
1935 1323 1969 1360 T
1988 1323 2027 1361 N
2047 1323 2124 1361 sint
2141 1323 2306 1372 positivi,
2327 1336 2411 1360 mo.

1367 1384 1431 1414 tus
1449 1376 1540 1413 nodi
1559 1384 1617 1414 est
1634 1377 1877 1427 regressivus.

1421 1431 1507 1467 Art.
1543 1435 1578 1467 2.
1639 1430 1820 1467 Mutetur
1847 1431 1988 1468 horum
2019 1429 2256 1480 angulorum
2288 1430 2412 1481 quivis

1367 1495 1415 1520 ex
1447 1482 1609 1530 positivo
1638 1482 1678 1519 in
1708 1483 1930 1532 negativum
1963 1484 2209 1521 manentibus
2241 1483 2412 1532 positivis

1366 1535 1520 1586 angulis
1537 1535 1691 1574 duobus
1708 1536 1878 1586 reliquis,
1897 1544 2027 1575 motus
2053 1535 2246 1576 nodorum
2273 1549 2322 1575 ex
2349 1550 2409 1575 re-

1366 1588 1534 1640 gressivo
1551 1590 1811 1638 progressivus
1829 1589 1906 1627 fiet.

1421 1645 1502 1680 Cas.
1528 1647 1564 1679 2.
1628 1642 1714 1680 Fiat
1732 1643 1901 1693 angulus
1923 1644 1964 1687 Q
1983 1643 2020 1680 T
2042 1643 2077 1681 P
2095 1643 2308 1693 negativus,
2337 1644 2411 1682 hoc

1365 1702 1434 1741 est,
1454 1702 1645 1745 punctum
1666 1696 1701 1734 P
1728 1696 1777 1734 sit
1794 1696 1836 1733 in
1855 1695 2113 1734 semi-circulo
2145 1697 2187 1741 Q
2206 1698 2240 1736 Β
2260 1710 2297 1748 q,
2326 1710 2408 1736 ma-

1927 1797 2106 1848 (θυῖε,

1603 2664 1719 2694 nente
1737 2656 1899 2705 positivo
1926 2656 2072 2705 angulo
2104 2657 2130 2694 S
2153 2658 2188 2694 T
2210 2657 2251 2694 N
2281 2657 2334 2695 ita
2361 2666 2406 2696 ut

1604 2710 1646 2749 N
1665 2710 1713 2747 sit
1732 2711 1772 2746 in
1792 2709 2050 2747 semi-circulo
2071 2710 2109 2746 A
2130 2711 2170 2754 Q
2184 2711 2231 2753 B,
2249 2717 2287 2747 et
2306 2713 2404 2758 pari-

1600 2769 1659 2800 ter
1676 2771 1856 2800 manente
1874 2762 2036 2811 positivo
2055 2763 2201 2813 angulo
2223 2764 2263 2802 N
2286 2764 2321 2801 T
2338 2764 2374 2802 P
2390 2780 2401 2811 ;

1601 2815 1882 2854 observandum
1910 2815 2016 2865 quod
2044 2815 2185 2854 lineola
2215 2816 2263 2854 M
2294 2817 2330 2854 L
2361 2817 2404 2855 iu

1601 2869 1860 2907 semi-circulo
1883 2869 1924 2913 Q
1943 2870 1978 2907 B
1998 2882 2024 2919 q
2041 2870 2271 2917 positionem
2289 2870 2404 2909 habet

1602 2922 1816 2971 oppositam
1834 2922 1892 2960 illi
1910 2935 2028 2973 quam
2047 2923 2209 2961 habebat
2227 2923 2268 2960 in
2287 2924 2402 2961 semi-

1601 2976 1745 3013 circqu
1781 2976 1823 3021 Q
1842 2977 1880 3013 A
1899 2988 1923 3026 q
1955 2982 2001 3014 ut
2027 2983 2250 3014 constat·ex
2283 2977 2400 3025 Prop.

1602 3028 1768 3067 LXVI.
1804 3029 1893 3067 Lib.
1921 3029 1954 3067 1.
1991 3029 2046 3066 ita
2078 3037 2123 3067 ut
2155 3037 2343 3078 punctum
2364 3030 2401 3068 L

1600 3082 1649 3119 sit
1679 3095 1703 3120 a
1738 3082 1826 3120 Sole
1854 3082 2039 3120 remotius
2065 3081 2180 3134 quam
2210 3092 2400 3132 punctum

1603 3136 1675 3182 M;
1697 3135 1824 3186 itaque
1835 3136 1866 3173 si
1889 3136 1924 3174 P
1945 3137 1984 3173 N
2004 3134 2052 3173 sit
2066 3137 2192 3173 minor
2210 3136 2401 3188 quadran-

1599 3195 1651 3235 te,
1667 3190 1780 3228 lineae
1799 3189 1836 3228 L
1850 3189 1886 3229 P
1899 3188 2258 3238 retroproducendae
2272 3198 2398 3236 erunt,

1600 3249 1639 3280 et
1656 3250 1846 3292 punctum
1873 3241 1887 3279 1
1914 3243 1985 3281 erit
2002 3242 2160 3291 propius
2182 3243 2258 3282 Soli
2282 3241 2401 3294 quam

1600 3304 1790 3346 punctum
1808 3309 1850 3335 m
1864 3311 1876 3344 ;
1896 3293 2062 3348 ide6que
2080 3296 2249 3348 angulus
2269 3297 2308 3335 A
2332 3297 2367 3335 T
2385 3296 2400 3335 l

1600 3349 1728 3388 minor
1746 3350 1818 3388 erit
1836 3349 1981 3401 angulo
2003 3350 2042 3387 A
2057 3350 2157 3396 Tm,
2178 3362 2270 3403 ergo
2291 3348 2400 3402 (cum

1601 3402 1841 3441 diminuatur
1859 3404 2027 3454 angulus
2056 3404 2097 3440 A*
2116 3404 2153 3442 T
2173 3403 2214 3441 N
2240 3403 2307 3454 qui
2335 3416 2399 3442 su-

1601 3456 1721 3494 mitur
1739 3465 1870 3495 contra
1888 3456 2063 3494 ordinem
2082 3456 2301 3508 signorum)
2330 3469 2399 3493 no·

1600 3508 1674 3547 dus
1692 3509 1905 3548 secundum
1925 3509 2098 3548 ordinem
2126 3510 2324 3561 signorum
2344 3516 2402 3547 est

1597 3571 1811 3613 promotuS,
1828 3564 1986 3615 ejusque
1999 3571 2129 3601 motus
2141 3562 2401 3614 progressivus

1599 3623 1667 3654 est.

1423 3670 1465 3709 Si
1496 3668 1586 3708 vero
1620 3670 1662 3708 N
1684 3669 1718 3708 P
1751 3672 1800 3709 sit
1816 3670 1939 3721 major
1956 3668 2165 3721 quadrante
2183 3677 2401 3707 antrorsum

1367 3723 1565 3772 productis
1581 3723 1693 3761 lineis
1715 3723 1750 3762 P
1771 3724 1832 3770 M,
1857 3724 1892 3762 P
1911 3723 1948 3761 L
1975 3730 2164 3771 punctum
2191 3721 2206 3758 1
2232 3721 2402 3763 manebit

1368 3776 1553 3816 remotius
1587 3790 1611 3815 a
1645 3776 1733 3815 Sole
1769 3775 1885 3828 quam
1921 3783 2110 3825 puuctum
2145 3787 2199 3822 m,
2236 3771 2402 3826 ideoque
