2540 4296
9 3372 13 3375 Δ
69 3339 185 3368 rectae
208 3332 243 3369 B
264 3332 317 3378 E,
337 3334 362 3371 b
380 3345 413 3379 e,
433 3333 481 3371 ad
501 3333 728 3371 umbilicum
751 3334 777 3372 S
796 3335 994 3372 tendentes
1011 3334 1111 3372 inter

91 243 276 296 LIBER
303 240 602 310 Tannus]
687 240 1087 296 PRINCIPIA
1126 234 1744 292 MATHEMATICA.
2129 241 2229 288 155

89 382 255 435 tudini
292 383 343 434 V
366 392 405 446 t,
449 383 872 435 determinabitur
906 391 1157 450 punctum
1193 380 1240 432 B
1278 379 1419 449 quod
1454 376 1622 448 prima
1655 377 1767 428 vice
1807 392 2056 443 usurpare
2091 374 2227 427 licet.

88 474 152 543 (Ζ)
195 472 336 526 Tum
378 472 518 527 recta
564 474 615 526 A
644 474 688 526 C
731 472 898 526 deleta
942 482 993 524 et
1037 468 1322 524 secundum
1371 468 1752 539 praecedentem
1792 465 2228 520 constructionem

78 1582 264 1629 iterum
289 1576 460 1641 ducta,
488 1586 540 1630 et
562 1577 770 1630 inventa
797 1577 1008 1646 insuper
1031 1576 1354 1649 longitudine
1382 1578 1447 1631 M
1475 1579 1520 1632 P
1534 1599 1549 1642 3
1586 1580 1641 1630 in
1667 1589 1687 1631 t
1716 1580 1763 1632 B
1788 1580 2021 1648 capiatur
2055 1597 2221 1649 punc-

76 1676 190 1719 tum
214 1667 266 1730 b,
305 1685 334 1718 e
368 1666 499 1737 lege,
533 1676 598 1744 ‘ut
624 1666 667 1717 si
694 1666 745 1718 T
770 1666 837 1730 A,
866 1689 892 1715 τ
920 1666 965 1718 C
991 1685 1045 1718 se
1069 1665 1249 1718 mutuo
1275 1668 1531 1719 secuerint
1562 1668 1615 1719 in
1643 1668 1711 1732 Y,
1753 1669 1817 1720 sit
1842 1668 2083 1720 distantia
2106 1668 2159 1719 Y
2185 1668 2222 1719 b

78 1757 144 1808 ad
183 1757 477 1809 distantiam
515 1758 567 1809 Y
595 1758 659 1820 B,
705 1758 757 1808 in
803 1758 1002 1810 ratione
1045 1757 1329 1826 composita
1364 1777 1431 1809 ex
1465 1759 1665 1810 ratione
1711 1759 1776 1810 M
1805 1758 1848 1810 P
1882 1759 1949 1810 ad
1989 1759 2054 1810 M
2081 1759 2134 1810 N
2171 1768 2223 1810 et

76 1848 275 1900 ratione
313 1849 670 1918 subduplicata
712 1850 748 1901 S
776 1849 822 1901 B
861 1849 928 1900 ad
967 1850 1004 1901 S
1029 1849 1080 1901 b.
1157 1848 1228 1901 Et
1252 1849 1432 1901 eadem
1457 1848 1705 1901 methodo
1731 1849 2098 1901 inveniendum
2124 1849 2221 1901 erit

76 1947 329 2003 punctum
368 1938 576 1989 tertium
608 1939 643 1999 β
676 1937 719 1988 si
754 1936 911 1989 modo
937 1938 1288 2006 operationem
1312 1936 1463 1990 tertio
1489 1947 1723 2007 repetere
1746 1938 1905 1990 lubet.
1981 1938 2087 1991 Sed
2122 1937 2222 1989 hac

76 2025 324 2078 methodo
350 2026 673 2095 operationes
698 2025 817 2077 duae
843 2035 900 2077 ut
922 2025 1205 2094 plurimum
1232 2025 1541 2079 suffecerint.
1619 2025 1758 2077 Nam
1783 2026 1827 2077 si
1852 2026 2091 2078 distantia
2119 2026 2165 2078 B
2184 2027 2221 2077 b

131 2166 192 2219 (²)
215 2170 235 2192 ³⁸
270 2170 375 2208 Tum
393 2166 499 2207 recta
527 2170 566 2206 A
588 2171 628 2212 C,
657 2166 789 2207 deleta.
848 2168 1116 2208 Determinato

74 2227 219 2270 puncto
250 2221 298 2265 B,
328 2219 433 2271 quod
460 2220 584 2271 prima
611 2221 799 2260 vicelicet
815 2233 1013 2270 usurpare,
1041 2235 1117 2260 cae-

73 2281 166 2319 tera,
186 2286 274 2324 quae
293 2272 472 2323 deinceps
489 2283 739 2312 assumuntur
755 2281 899 2323 puncta
917 2274 1062 2323 nempev
1074 2277 1113 2322 b,

73 2331 111 2373 β,
146 2326 262 2365 aliam
289 2329 610 2366 constructionem
641 2328 847 2376 postulant.
908 2327 994 2367 Nec
1025 2330 1116 2367 satis

73 2387 131 2418 est
148 2378 252 2430 quod
271 2388 461 2428 punctum
479 2382 515 2424 b,
536 2388 711 2419 sumatur
728 2381 884 2429 propius
901 2389 1046 2429 puncto
1062 2382 1114 2426 Y,

71 2431 170 2470 dum
190 2432 292 2470 linea
313 2433 360 2470 M
384 2433 429 2476 P,
451 2434 577 2470 minor
595 2440 652 2471 est
669 2432 787 2484 quam
810 2434 847 2470 A
870 2432 903 2471 C
922 2434 983 2471 vel
1004 2434 1050 2471 M
1073 2435 1115 2472 N

75 2485 136 2537 (in
162 2484 231 2535 fig.
271 2485 421 2536 Newt.)
453 2493 492 2524 et
520 2485 664 2524 contra.
738 2485 814 2524 Sed
848 2485 939 2536 quia
974 2485 1115 2524 ducere

73 2545 223 2586 oportet
239 2545 383 2576 rectam
405 2539 443 2576 A
468 2540 514 2583 C,
535 2552 622 2589 quae
640 2539 687 2576 sit
706 2539 862 2590 aequalis
879 2539 1115 2590 longitudini

75 2591 125 2628 M
145 2591 190 2636 P,
211 2591 383 2640 capiatur
399 2591 442 2629 in
458 2599 475 2630 t
496 2593 545 2638 B,
565 2600 755 2640 punctum
774 2594 812 2639 b,
831 2591 876 2629 ea
899 2593 986 2643 lege
1004 2601 1048 2630 ut
1065 2594 1114 2631 sit

75 2642 256 2681 distantia
287 2643 323 2682 Y
341 2646 377 2689 b,
411 2644 461 2683 ad
489 2644 706 2683 distantiam
741 2646 779 2684 Y
813 2645 863 2690 B,
896 2644 936 2682 in
967 2645 1114 2684 ratione

74 2696 284 2745 composita
314 2710 360 2735 ex
387 2698 534 2737 ratione
563 2699 606 2736 M
634 2698 668 2737 P
695 2697 746 2737 ad
768 2699 802 2737 A
829 2698 873 2743 C,
902 2706 941 2737 et
967 2698 1114 2737 ratione

41 2748 49 2758 '
73 2749 340 2798 subdupHcata
368 2751 395 2789 S
427 2752 462 2789 B
490 2751 540 2789 ad
570 2751 597 2789 S
613 2753 649 2790 b.
705 2751 772 2790 Ex
799 2752 984 2789 hactenus
1002 2751 1114 2790 dictis

72 2809 178 2851 patet
213 2815 283 2841 cur
317 2803 422 2852 prior
456 2804 554 2843 ratio
589 2816 825 2853 componens
859 2804 1111 2853 adhibeatur3

73 2854 166 2892 cum
183 2855 285 2893 enim
305 2856 533 2896 invenienda
550 2857 599 2895 sit
627 2859 664 2895 A
688 2858 734 2903 C,
761 2870 849 2908 quae
867 2857 917 2896 sit
941 2858 1115 2908 longitu-

73 2907 154 2945 dini
177 2909 222 2946 M
239 2909 274 2946 P
293 2910 459 2959 aequalis,
475 2911 505 2947 si
524 2911 591 2948 illa
607 2909 680 2948 hac
695 2911 743 2949 sit
759 2911 881 2961 major
894 2918 961 2948 aut
972 2912 1110 2957 ininor,

72 2961 285 2999 minuenda
302 2962 374 3002 erit
401 2964 460 3001 vel
485 2964 661 3014 augenda
679 2963 800 3002 donec
819 2964 984 3014 aequales
1003 2963 1109 3009 fiant,

73 3022 315 3064 aequarentur
332 3023 462 3054 autem
481 3029 547 3064 per
564 3017 684 3054 solam
702 3016 866 3065 priorem
880 3016 1064 3055 rationem
1079 3018 1112 3054 si

73 3066 123 3104 M
145 3067 181 3104 P
206 3067 306 3105 foret
331 3076 520 3106 constans.
582 3069 687 3114 Quia
704 3069 793 3117 vero
811 3071 979 3108 variante
1001 3070 1037 3107 A
1063 3070 1109 3116 C,

75 3116 264 3168 perpetuo
291 3133 444 3172 quoque
462 3121 652 3160 variabilis
670 3130 727 3160 est
744 3132 846 3161 recta
874 3124 922 3161 M
946 3123 993 3169 P,
1022 3122 1110 3160 ideo

71 3171 287 3211 adhibenda
304 3181 361 3211 est
378 3174 496 3213 altera
513 3175 622 3213 rat10.
675 3175 703 3214 J
704 3188 766 3212 am
784 3175 825 3212 in
843 3176 1030 3224 parabolis
1044 3187 1111 3224 per

70 3233 216 3273 puncta
246 3228 297 3271 A,
333 3227 381 3273 B,
405 3228 452 3274 C,
481 3235 520 3265 ct
546 3241 579 3272 a,
601 3226 637 3272 b,
658 3240 692 3274 c,
721 3227 931 3277 descriptis,
959 3228 1111 3266 chordae

71 3290 234 3316 arcuum
266 3279 305 3316 A
328 3280 364 3317 B
389 3281 435 3323 C,
464 3294 487 3319 a
505 3282 530 3318 b
548 3294 580 3324 c,
611 3281 651 3317 in
671 3281 811 3330 quibus
828 3280 993 3331 aequales
1019 3288 1110 3319 sunt

70 3383 252 3421 verticem
271 3393 310 3423 et
327 3385 508 3423 chordam
535 3387 768 3435 interceptae,
797 3395 887 3425 sunt
905 3387 945 3423 in
963 3386 1111 3424 ratione

70 3436 340 3485 subduplicata
359 3445 546 3476 rectarum
570 3440 596 3477 S
611 3441 658 3484 B,
683 3440 710 3477 S
728 3441 753 3477 b
773 3441 836 3490 (ut
854 3439 1048 3490 colligitur
1061 3452 1108 3477 ex

73 3488 217 3526 Theor-
237 3490 272 3528 1.
289 3498 327 3528 et
344 3491 404 3529 11.
420 3491 468 3530 de
486 3491 651 3540 parab.).
695 3491 888 3530 Praeterea
904 3494 969 3544 (ex
982 3491 1107 3543 dem.)

71 3543 237 3591 aequales
254 3551 345 3581 sunt
363 3551 476 3582 rectae
497 3545 532 3582 B
548 3544 598 3591 E,
612 3547 637 3583 b
650 3557 672 3582 e
689 3543 999 3596 quamproxime3
1018 3553 1112 3583 sunt
1295 3541 1354 3584 Τ

8 3630 10 3632 ,
71 3595 186 3634 enim.
203 3596 325 3644 spatia
350 3609 374 3634 a
400 3595 550 3634 cometa
567 3609 698 3635 versus
722 3597 852 3636 Solem
869 3597 1042 3636 cadendo
1068 3597 1111 3635 in

7 3680 10 3683 .
70 3646 227 3686 diversis
240 3650 288 3687 ab
302 3648 370 3687 illo
383 3647 720 3710 distantiis-eodem
734 3657 906 3710 tempore
919 3662 1108 3699 percursa,
1166 3656 1331 3705 primam
1363 3666 1403 3698 et
1432 3661 1583 3700 tertiam
1614 3661 1826 3714 descript&
1889 3666 2024 3712 Quare,
2050 3670 2215 3711 habetur

5 3708 9 3712 .
70 3707 111 3738 et
140 3702 346 3752 vestigium
378 3711 537 3741 cometae
573 3714 616 3740 ln
646 3705 907 3742 observatione
941 3702 1111 3742 secunda
1167 3721 1359 3758 punctum
1387 3714 1424 3759 b,
1454 3723 1613 3753 cometae
1641 3717 1844 3768 vestigium
1873 3720 1914 3757 in
1933 3721 2048 3770 plano
2065 3725 2214 3774 eclipti-

71 3754 293 3816 proxjmum
311 3762 369 3793 est
386 3756 516 3816 vertici
534 3755 644 3794 arcus
669 3757 712 3821 ΑΑ
734 3757 770 3795 Β
793 3757 840 3803 C,
868 3768 938 3795 seu
961 3756 1111 3807 vestigii
1169 3775 1236 3807 σω,
1265 3776 1346 3802 non
1373 3773 1500 3805 tamen
1519 3777 1755 3816 accuratum,
1785 3771 1850 3810 sed
1876 3786 1966 3813 vero
1991 3777 2213 3825 proximum

70 3814 256 3855 portionis
266 3809 490 3860 trajectonae
504 3822 528 3847 a
537 3817 688 3849 cometa
698 3809 799 3849 inter
807 3809 1109 3850 observationem
1168 3815 1369 3856 duntaxat·

128 3870 338 3933 v01..4].111.
364 3880 475 3919 Pras
500 3881 559 3920 11,
1128 3886 1164 3925 L
