2540 4296
39 4140 57 4187 {i

39 4199 67 4296 Ξ,

103 270 287 322 LIBER
307 265 605 328 TERTIUS]
650 256 1049 315 PRINCIPIA
1092 254 1709 312 MATHEMATICA.

100 406 279 455 temporis
297 404 394 441 inter
408 401 707 441 observationem
726 402 891 450 primam
906 406 945 436 et
963 412 1138 436 momen-

2138 257 2240 305 ‘157

1198 399 1235 436 Ο
1269 397 1334 446 ἶῖ.
1357 413 1360 415 ·
1395 397 1552 436 Deinde
1579 396 1621 433 in
1648 392 1844 445 triangulo
1875 392 1914 429 R
1942 392 1978 431 O
2003 390 2068 439 ἶς’,
2098 391 2239 429 dantur

100 470 186 500 tum
204 471 282 509 quo
299 464 448 495 cometa
465 455 514 493 ad
534 454 680 492 nodum
696 459 746 507 ,Ω-
768 453 936 503 appellit,
957 452 1005 489 ad
1024 452 1141 490 inter-
1192 452 1313 490 latera
1330 449 1431 489 circa
1449 460 1598 488 rectum
1620 449 1657 487 Ο
1677 448 1717 486 R
1734 438 1774 485 et
1795 448 1832 484 Ο
1857 445 1922 494 ἶς’,
1942 445 2105 495 ideoque
2125 451 2244 482 notus

101 516 248 552 vallum
266 509 448 557 temporis
475 509 577 546 inter
604 508 904 546 observationem
923 506 1085 553 primam
1106 512 1144 543 et

103 567 252 605 tertiam
280 571 325 601 ut
356 575 444 600 area
474 574 493 598 r
513 565 563 613 52

101 629 278 658 arearum
295 629 314 653 r
330 619 380 668 ςΩν
399 616 437 661 S,
463 615 501 652 R
519 618 545 653 S
557 627 588 658 r,
608 621 699 652 nota
716 620 773 651 est
790 611 886 649 ratio
905 613 989 662 (pet
1005 611 1145 648 Theor.

103 675 180 712 IV.
204 673 252 709 de
271 674 398 718 parab.
425 668 486 705 vel
512 679 623 705 num·
647 665 758 715 142.)
788 672 927 702 notum
952 664 1071 714 igitur
1089 670 1148 701 est

101 735 256 774 tempus
286 735 364 773 quo
393 727 544 758 cometa
575 719 723 758 nodum
761 722 828 770 st,
864 726 979 755 tenet.
1054 716 1147 754 Pari

101 780 218 817 modo
249 774 454 814 innotescit
480 781 635 821 tempus
659 784 737 822 quo
755 777 905 810 cometa
921 769 972 807 ad
997 769 1147 807 nodum

103 832 268 870 alterum
290 828 340 877 ἶς’
361 825 536 877 appellit.

159 942 245 975 148.
265 934 412 975 Iisdem
429 929 685 977 manentibus,
702 928 1020 969 determinabitur
1038 927 1148 966 incli-

104 991 210 1029 natio
228 990 333 1039 plani
352 982 575 1033 trajectoriae
593 984 641 1021 ad
659 984 821 1033 planum
843 982 1039 1030 eclipticae.
1084 982 1149 1019 Ex

103 1051 249 1093 puncto
271 1043 308 1081 O
328 1039 376 1076 ad
398 1038 449 1086 ‘U
475 1037 500 1074 S
521 1039 588 1087 ὁὶ,
609 1038 801 1075 nodorum
819 1036 963 1073 lineam
981 1034 1152 1085 erigatur
1219 1032 1220 1037 ’

103 1093 428 1145 perpendicularis
459 1090 496 1128 O
521 1090 585 1138 U,
610 1091 880 1141 jungaturque
910 1089 950 1125 R
975 1091 1044 1140 51·-
1103 1088 1154 1124 In

104 1148 297 1198 triangulo
319 1147 356 1185 O
380 1146 405 1183 S
429 1144 494 1192 ἶς’,
524 1153 660 1192 praeter
677 1151 826 1180 rectum
847 1142 895 1179 ad
920 1140 985 1189 ἶς,
1012 1140 1156 1179 dantur

106 1200 236 1255 (147.)
259 1200 427 1251 angulus
449 1200 486 1237 Ο
506 1198 532 1236 S
547 1197 598 1246 ‘25
615 1197 771 1271 etgatus
793 1195 832 1234 Ο
851 1195 891 1243 S,
907 1207 1027 1247 quare
1041 1192 1156 1232 datur

591 561 629 608 S,
660 561 708 599 ad
738 571 867 598 aream
898 558 936 596 R
958 558 1047 603 Sr3
1077 558 1185 597 sed„

1615 546 1650 562 ’Ἴ

1616 557 1665 589 ,bu

1416 1052 1477 1092 ‘²5²
1662 1050 1701 1098 S
1955 1051 2013 1092 db

1204 1140 1277 1179 erit
1304 1139 1472 1191 angulus
1505 1140 1542 1178 Ο
1571 1138 1623 1187 ἶς’
1647 1139 1699 1184 R,
1729 1138 1797 1188 qui
1828 1145 1885 1175 est
1915 1135 2116 1176 inclinatio
2144 1135 2252 1185 plani

1205 1193 1434 1245 trajectoriae
1452 1192 1502 1231 ad
1520 1193 1682 1242 planum
1702 1191 1898 1240 eclipticae.

169 2085 256 2119 149.
286 2077 416 2117 Facile
433 2078 596 2116 obtineri
621 2085 746 2127 potest
766 2085 920 2128 tempus
938 2090 1016 2128 quo
1034 2090 1163 2116 come-

113 2140 154 2171 ta
184 2131 409 2181 perihelium
442 2139 558 2169 tenet.
620 2131 819 2170 Umbilico
850 2134 888 2175 S,
923 2143 991 2180 per
1017 2138 1165 2180 puncta

118 2188 171 2232 R,
191 2199 221 2232 r,
243 2185 477 2234 describatur
495 2184 709 2241 trajector-ia
724 2191 897 2222 cometae.
960 2183 1103 2222 centro
1121 2184 1162 2229 S,

117 2251 185 2289 per
212 2238 439 2276 alterutrum
466 2244 702 2286 punctorum
730 2236 826 2285 puta
850 2237 901 2281 R,
931 2236 1167 2274 describatur

121 2291 287 2330 circulus
306 2291 530 2341 trajectoriae
554 2288 684 2328 denud
712 2301 916 2328 occurrens
934 2289 976 2327 in
998 2290 1047 2333 V,
1073 2290 1166 2340 jun-

117 2353 309 2395 gaturque
333 2345 368 2381 R
385 2344 435 2387 V,
458 2343 507 2381 ad
525 2355 641 2393 quem
661 2355 707 2380 ex
727 2350 876 2391 puncto
897 2343 922 2380 S
944 2342 1168 2382 demittatur

117 2396 440 2446 perpendicularis
458 2397 484 2434 S
500 2406 536 2447 φ,
553 2409 640 2445 quae
659 2395 895 2444 producatur
909 2395 1031 2433 donec
1054 2407 1165 2443 para-

118 2451 217 2488 bolae
231 2457 406 2487 occurrat
425 2450 466 2486 in
481 2464 522 2493 or,
540 2449 612 2486 erit
627 2464 656 2487 φι-
670 2448 897 2498 trajectoriae
915 2447 1143 2497 perihelium
1158 2461 1171 2495 3

119 2511 159 2541 et
176 2501 336 2551 proinde
355 2509 457 2540 recta
475 2501 597 2550 ipsius
619 2503 646 2540 S
666 2515 697 2539 vr
713 2500 945 2551 quadrupla,
974 2501 1046 2538 erit
1064 2500 1167 2551 ejus-

119 2556 209 2593 dem
227 2556 328 2593 latus
345 2562 494 2593 rectum
510 2553 734 2603 principale.
795 2552 900 2591 Ciun
919 2553 1021 2591 enim
1040 2553 1171 2591 umbi-

119 2609 219 2646 licus
240 2610 278 2653 S,
299 2608 338 2645 in
359 2607 551 2656 parabolae
570 2620 642 2645 axe
660 2605 884 2656 reperiatur,
902 2606 1069 2644 circulus
1080 2618 1171 2644 cen-

120 2670 180 2700 tro
199 2662 224 2699 S
236 2661 448 2710 descriptus
466 2660 688 2709 parabolam
702 2659 947 2698 intersecabit
962 2659 1004 2696 in
1019 2658 1172 2697 duobus

121 2713 274 2763 punctis
292 2716 339 2752 ab
366 2726 437 2751 axe
456 2713 658 2764 aequaliter
677 2712 920 2757 distantibus,
949 2724 994 2750 ac
1012 2712 1174 2761 proinde

121 2768 185 2806 axi
216 2766 413 2812 normalis,
448 2766 519 2804 erit
553 2767 593 2804 R
619 2766 659 2804 V
690 2765 979 2804 intersectiones
1010 2765 1173 2815 conjun-

121 2833 242 2869 gens;
271 2817 389 2869 quare
420 2820 447 2858 S
465 2828 491 2868 φ
519 2821 591 2857 est*
605 2819 687 2857 axis
705 2826 744 2857 et
763 2833 794 2857 vr
811 2826 943 2856 vertex
970 2818 1173 2867 parabolae,

122 2872 201 2911 sive
232 2872 455 2923 trajectoriae
484 2872 719 2920 perihelium
758 2879 798 2910 et
831 2871 1047 2922 quadrupla
1087 2871 1113 2909 S
1145 2885 1175 2909 σι·

123 2935 339 2975 parameter
366 2925 542 2963 diametri
572 2926 685 2976 cujus
712 2940 743 2964 or
761 2931 820 2962 est
847 2931 977 2962 vertex
1006 2924 1170 2977 (Theor.

126 2979 189 3016 11.
213 2978 260 3015 de
278 2977 429 3027 parab·)
458 2979 532 3015 hoc
552 2985 621 3024 est,
649 2978 752 3016 latus
771 2985 923 3015 rectum
947 2977 1170 3026 principale.

125 3032 218 3071 Jam
245 3030 418 3080 capiatur
444 3038 601 3080 tempus
627 3030 1016 3083 cujus'intervallum
1040 3032 1089 3069 ab
1107 3032 1176 3069 ob-

1217 2075 1429 2115 servatione
1455 2072 1592 2123 primii,
1621 2073 1719 2111 dum
1745 2079 1895 2111 cometa
1917 2074 2136 2112 versabatur
2163 2072 2204 2109 in
2226 2086 2258 2119 r,

1217 2138 1275 2168 est
1292 2129 1343 2167 ad
1361 2127 1608 2166 intervallum
1625 2127 1809 2175 temporis
1835 2127 1935 2164 inter
1959 2126 2262 2165 observationem

1217 2182 1384 2231 primam
1402 2189 1441 2220 et
1459 2181 1611 2218 tertiam
1629 2187 1675 2218 ut
1692 2192 1779 2218 area
1797 2192 1817 2217 r
1835 2180 1861 2217 S
1876 2195 1907 2218 π
1923 2179 1973 2217 ad
1991 2192 2116 2217 aream
2138 2180 2176 2217 R
2188 2192 2207 2216 r
2221 2180 2261 2225 S,

1219 2235 1422 2273 habebitur
1447 2233 1546 2271 illud
1571 2233 1701 2284 ipsum
1717 2241 1872 2282 tempus
1889 2244 1968 2283 quo
1986 2240 2135 2271 cometa
2163 2233 2262 2282 peri-

1219 2289 1368 2326 helium
1385 2293 1561 2336 occupat.

1276 2398 1363 2433 150.
1399 2392 1508 2431 Hinc
1535 2392 1650 2431 etiam
1678 2400 1839 2432 cometae
1865 2394 2075 2443 perigaeum
2105 2392 2264 2445 ejusque

1221 2454 1375 2495 tempus
1393 2446 1717 2484 determinabitur.
1781 2446 1886 2485 Cum
1904 2447 2007 2484 enim
2028 2446 2139 2483 detur
2166 2455 2264 2484 tem-

1221 2512 1297 2548 pus
1315 2500 1416 2538 inter
1429 2498 1730 2537 observationem
1748 2500 1911 2547 primam
1928 2507 1965 2536 et
1978 2500 2127 2537 tertiam
2146 2500 2265 2537 inter-

1222 2560 1388 2601 ceptum,
1416 2565 1493 2602 quo
1512 2552 1657 2590 scilice-t
1676 2552 1764 2590 data
1782 2565 1870 2590 area
1896 2566 1915 2589 r
1938 2555 1977 2590 R
1998 2553 2035 2595 S,
2067 2566 2090 2590 a
2115 2552 2266 2590 cometa

1222 2606 1330 2643 radio
1357 2604 1407 2643 ad
1438 2605 1569 2643 Solem
1596 2605 1712 2642 ducto
1739 2605 1977 2653 describitur,
2005 2605 2093 2643 data
2112 2619 2266 2656 quoque

1223 2658 1297 2696 erit
1323 2670 1411 2696 area
1428 2670 1509 2695 uno
1528 2657 1590 2695 die
1614 2657 1788 2696 similiter
1814 2658 2012 2709 descripta.
2075 2659 2266 2697 Praeterea

1225 2711 1339 2749 datur
1372 2723 1401 2757 r,
1432 2711 1541 2749 locus
1571 2718 1730 2749 cometae
1760 2712 1802 2748 in
1834 2712 2096 2751 observatione
2126 2710 2263 2760 prima,

1225 2761 1344 2815 quare
1360 2764 1558 2802 dabuntur
1583 2764 1669 2802 loca
1687 2771 1845 2802 cometae
1873 2765 1914 2802 in
1933 2764 2088 2815 proprio
2106 2767 2199 2803 orbe
2216 2765 2267 2803 ad

1226 2818 1308 2855 dies
1335 2816 1520 2867 singulos.
1583 2817 1659 2856 Sed
1687 2817 1829 2856 dantur
1854 2818 1939 2856 loca
1960 2818 2128 2857 Telluris
2146 2819 2187 2855 in
2206 2831 2266 2856 or-

1224 2868 1306 2908 bita
1325 2870 1406 2915 sua,
1427 2878 1618 2921 notusque
1632 2878 1689 2909 est
1703 2871 1796 2909 situs
1807 2880 1969 2909 mutuus
1986 2872 2085 2908 inter
2100 2871 2268 2910 Telluris

1225 2923 1392 2971 orbitam
1409 2931 1447 2961 et
1465 2931 1625 2962 cometae
1644 2924 1908 2976 trajectoriam.
1962 2924 2078 2963 Unde
2096 2926 2265 2963 innotes-

1226 2985 1287 3014 cet
1304 2984 1458 3025 tempus
1476 2989 1554 3028 quo
1574 2986 1722 3015 cometa
1740 2985 1797 3016 est
1817 2978 1947 3016 Terrae
1965 2977 2173 3027 proximus,
2194 2979 2267 3017 hoc

1227 3038 1294 3076 est,
1310 3037 1462 3079 tempus
1475 3042 1552 3082 quo
1564 3038 1713 3069 cometa
1730 3030 1771 3068 in
1791 3032 1958 3083 perigaeo
1976 3040 2156 3071 versatur.
