2540 4296
257 275 358 321 160
762 269 1325 322 PHILosoPfflAE
1365 271 1817 324 NATURALIS
1871 271 1988 336 [DE
2010 272 2383 329 MnanYsr.

324 410 430 463 Die
456 409 673 470 Veneris
702 407 842 464 Feb.¹
858 418 941 464 25.
970 422 1030 465 st.
1056 423 1154 463 vet.
1181 413 1295 464 hor.
1323 416 1389 479 8}
1431 431 1483 481 p.
1508 432 1580 465 m.
1607 422 1821 466 cometae
1853 412 1907 463 in
1942 432 1978 482 p
2003 415 2265 467 existentis
2290 415 2395 466 dis-

252 502 415 554 tantia
439 521 470 553 a
496 502 640 554 stella
679 502 728 553 E
765 512 890 559 erat.
908 502 1079 553 minor
1114 501 1264 573 quam
1302 509 1368 571 3⁵3
1395 503 1447 555 A
1473 503 1537 566 Ε,
1563 505 1729 572 major
1754 501 1910 572 quam
1934 505 1967 569 ὲ
1993 503 2043 553 Α
2071 503 2134 566 Ε,
2173 504 2396 574 ideoque

253 589 465 659 aequalis
501 591 566 655 ᾖ,
606 589 657 642 Α
685 590 733 640 Ε
769 590 1038 657 proxime:
1079 600 1131 641 et
1164 590 1383 661 angulus
1410 591 1461 641 A
1485 608 1522 659 Ρ
1544 591 1592 642 Ε
1627 591 1866 642 nonnihil
1902 590 2114 642 obtusus
2140 602 2264 655 erat,
2305 593 2397 644 sed
2467 638 2471 641 .

251 681 360 732 fere²
397 691 582 732 rectuS.
655 680 861 750 Nempe
898 682 942 733 si
977 682 1333 734 demitteretur
1364 681 1431 733 ad
1463 682 1503 751 Ρ
1528 681 1576 733 Ε
1610 682 2040 752 perpendiculum
2073 683 2138 733 ab
2178 683 2246 745 A,
2292 683 2397 735 dis-

252 772 411 825 tantia
437 781 652 823 cometae
677 791 708 823 a
731 773 1105 841 perpendiculo
1128 774 1219 825 illo
1246 784 1355 825 erat
1378 775 1411 838 ἐν
1433 791 1471 842 Ρ
1499 772 1563 824 Ε.

327 856 528 909 Eadem
561 869 714 910 nocte
750 859 880 912 hora
917 864 1002 927 955,
1040 872 1255 913 cometae
1281 862 1335 912 in
1363 862 1408 913 P
1434 862 1697 913 existentis
1723 862 1964 915 distantia
1989 882 2021 915 a
2045 862 2187 943 stella
2217 862 2265 914 E
2291 872 2399 915 erat

250 981 414 1049 major
439 978 594 1050 quam
619 956 689 1085 [ὲ.
716 983 767 1033 Α
794 982 858 1046 Ε,
887 982 1058 1034 minor
1082 1000 1237 1053 quam
1262 957 1329 1086 {15
1358 982 1411 1036 A
1439 982 1502 1045 Ε,
1530 983 1750 1053 ideoque
1775 984 1985 1054 aequalis
2010 959 2078 1087 {17
2106 983 2158 1035 A
2198 983 2262 1046 Ε,
2306 1002 2397 1034 seu

655 1066 685 1100 Ξ
1303 1069 1332 1102 4·

255 1123 320 1189 3813
349 1121 398 1172 A
427 1120 475 1173 Ε
503 1123 913 1192 quamproxime.
989 1124 1041 1174 A
1065 1122 1440 1192 perpendiculo
1465 1132 1637 1176 autem
1662 1142 1694 1178 a
1719 1122 1865 1177 stella
1892 1124 1943 1176 A
1969 1069 2254 1176 adi-eatam
2281 1123 2326 1179 P
2349 1123 2397 1174 E

252 1211 474 1265 demisso
500 1214 741 1266 distantia
765 1222 979 1266 cometae
1004 1223 1115 1266 erat
1139 1214 1172 1280 ἐξ
1199 1214 1244 1265 Ρ
1272 1213 1335 1265 Ε.

324 2232 431 2285 Die
472 2231 606 2285 Solis
653 2231 778 2283 Feb.
807 2237 892 2287 27.
920 2231 1036 2282 hor.
1077 2234 1144 2298 82}
1183 2248 1234 2299 p.
1262 2248 1333 2282 m.
1373 2240 1587 2282 cometae
1625 2230 1680 2281 in
1713 2231 1766 2293 Q
1798 2230 2061 2284 existentis
2094 2231 2334 2286 distantia
2370 2253 2402 2286 a

254 2320 400 2372 stella
441 2320 492 2373 O
531 2321 772 2390 aequabat
808 2320 1101 2371 distantiam
1141 2318 1406 2370 stellarum
1447 2319 1498 2398 Q
1532 2329 1583 2370 et
1618 2319 1696 2382 H,
1726 2329 1777 2371 et
1800 2330 1941 2373 recta
1979 2321 2033 2383 Q
2060 2321 2112 2373 O
2145 2323 2401 2391 producta

250 2407 503 2460 transibat
534 2408 671 2458 inter
708 2406 880 2458 stellas
922 2406 975 2457 K
1013 2416 1066 2457 et
1103 2406 1167 2458 B.
1246 2406 1566 2458 Positionem
1598 2405 1752 2475 hujus
1778 2416 1933 2459 rectae
1959 2408 2027 2459 ob
2052 2409 2217 2462 nubes
2242 2411 2401 2463 inter-

251 2498 516 2549 venientes
542 2497 705 2568 magis
731 2496 970 2549 accurate
998 2495 1215 2549 definire
1240 2515 1348 2547 non
1380 2498 1541 2565 potui.

322 2588 428 2640 Die
457 2586 646 2638 Martis
674 2586 838 2638 Mart.
869 2593 914 2638 1.
933 2586 1050 2639 hor.
1079 2593 1162 2639 11.
1190 2605 1241 2654 p.
1263 2604 1333 2637 m.
1360 2595 1560 2638 cometa
1585 2586 1638 2637 in
1667 2587 1717 2638 R
1744 2587 1983 2651 existens,
2013 2588 2169 2641 stellis
2197 2588 2250 2640 K
2277 2598 2327 2640 et
2356 2589 2400 2641 C

259 2676 496 2729 accurate
534 2677 884 2746 interjacebat,
925 2685 978 2727 et
1003 2686 1159 2727 rectae
1201 2675 1246 2727 C
1276 2675 1326 2726 R
1353 2674 1408 2726 K
1443 2693 1564 2743 pars
1594 2675 1638 2727 C
1668 2676 1718 2728 R
1744 2677 1901 2745 paulo
1927 2679 2091 2747 major
2115 2688 2225 2729 erat
2250 2675 2404 2746 quam

253 2771 282 2833 ἐς
314 2769 360 2821 C
388 2769 457 2832 Κ,
487 2779 538 2821 et
562 2770 719 2838 paulo
745 2769 917 2821 minor
943 2767 1098 2838 quam
1124 2769 1154 2832 ὲ
1188 2767 1233 2821 C
1263 2765 1315 2821 K
1344 2774 1398 2830 -ξ-
1430 2769 1463 2833 {¹3
1493 2766 1538 2818 C
1568 2767 1635 2829 R,
1662 2765 1883 2837 ideoque
1908 2768 2119 2838 aequalis
2142 2766 2176 2832 ἕ
2198 2768 2242 2820 C
2262 2767 2314 2819 K
2341 2775 2394 2829 -1-

255 2861 321 2925 Tb
350 2857 396 2909 C
425 2858 475 2909 R
501 2876 592 2908 seu
616 2857 682 2928 ἐξ
712 2857 757 2909 C
785 2858 854 2908 K.

327 2946 433 2998 Die
468 2945 723 2998 Mercurii
755 2946 917 2997 Mart.
945 2951 994 2996 2.
1019 2944 1134 2996 hor.
1161 2952 1207 2996 8.
1235 2963 1287 3013 p.
1314 2963 1384 2995 m.
1411 2954 1625 2996 cometae
1650 2945 1914 2997 existentis
1944 2945 1997 2996 in
2033 2946 2070 2997 S
2107 2946 2349 2997 distantia
2373 2964 2404 2996 a

255 3033 401 3086 stella
443 3034 489 3086 C
528 3035 689 3102 erat&
723 3035 768 3086 F
795 3033 840 3085 C
878 3031 1286 3103 quamproxime.
1362 3032 1624 3084 Distantia
1660 3033 1821 3085 stellae
1849 3034 1893 3084 F
1919 3053 1950 3085 a
1973 3032 2112 3085 recta
2141 3033 2186 3085 C
2216 3034 2252 3085 S
2283 3051 2405 3101 pro-

256 3122 412 3173 ducta
449 3132 559 3173 erat
585 3125 650 3187 ἐς
691 3122 734 3173 F
763 3121 836 3184 C3
883 3131 935 3174 et
968 3121 1210 3173 distantia
1247 3119 1406 3171 stellae
1434 3119 1481 3171 B
1505 3120 1571 3171 ab
1597 3119 1778 3172 eadem
1803 3120 1957 3183 recta,
1997 3130 2106 3172 erat
2131 3120 2403 3189 quintuplo

255 3214 423 3282 major
449 3211 605 3283 quam
630 3211 873 3263 distantia
900 3210 1061 3263 stellae
1088 3211 1149 3262 F.
1227 3209 1363 3261 Item
1387 3218 1529 3261 recta
1564 3208 1619 3260 N
1647 3210 1685 3262 S
1719 3208 1974 3277 producta
1997 3207 2248 3259 transibat
2274 3207 2406 3259 inter

257 3303 430 3355 stellas
467 3303 528 3355 H
562 3312 613 3354 et
652 3302 696 3373 I,
741 3301 1014 3372 quintuplo
1051 3299 1135 3353 vel
1172 3283 1411 3367 sextuplo
1443 3298 1658 3368 propior
1689 3297 1913 3351 existens
1944 3297 2105 3350 stellae
2151 3297 2212 3348 H
2252 3294 2407 3367 quam

258 3392 420 3445 stellae
450 3394 492 3445 Ι.

330 3481 436 3533 Die
465 3481 674 3535 Saturni
701 3479 862 3533 Mart.
892 3490 941 3534 5.
967 3480 1082 3531 hor.
1111 3486 1133 3530 1
1149 3481 1211 3544 17}
1237 3496 1288 3547 Ρ.
1306 3495 1382 3528 m.
1409 3476 1608 3529 cometa
1632 3476 1885 3528 existente
1909 3476 1964 3527 in
1991 3475 2058 3538 T,
2078 3534 2081 3539 ¹
2103 3484 2245 3526 recta
2271 3474 2336 3526 M
2356 3472 2408 3525 T
2513 3524 2515 3527 ,

258 3569 470 3638 aequalis
504 3579 615 3620 erat
650 3572 682 3634 ᾗ
721 3568 787 3620 Μ
814 3568 880 3631 L,
921 3577 972 3619 et
1005 3576 1146 3618 recta
1172 3566 1219 3617 L
1245 3564 1298 3616 T
1329 3565 1585 3633 producta
1607 3564 1857 3616 transibat
1880 3564 2014 3615 inter
2041 3562 2087 3615 B
2115 3573 2165 3614 et
2192 3562 2253 3624 F,
2281 3580 2407 3631 qua·
2472 3576 2479 3598 2
2503 3559 2505 3561 ’

259 3655 448 3725 druplo
474 3657 555 3709 vel
582 3654 859 3726 quintuplo
882 3656 1098 3724 propior
1125 3655 1169 3706 F
1195 3651 1348 3723 quam
1377 3653 1440 3715 Β,
1471 3652 1705 3704 auferens
1731 3671 1761 3703 a
1789 3652 1836 3703 B
1859 3651 1904 3703 F
1928 3649 2159 3720 quintam
2184 3648 2265 3699 vel
2290 3666 2404 3698 sex-

260 3756 365 3796 tam
392 3746 501 3815 ejus
526 3756 730 3815 partem
754 3763 935 3795 versus
963 3745 1021 3795 F.
1090 3744 1158 3794 Et
1180 3742 1244 3793 M
1266 3741 1318 3792 T
1334 3741 1591 3809 producta
1607 3740 1857 3792 transibat
1881 3747 2027 3790 extra
2051 3736 2272 3804 spatium
2295 3735 2340 3786 B
2362 3735 2407 3786 F

260 3833 327 3885 ad
365 3842 536 3900 partes
575 3832 737 3884 stellae
776 3832 840 3895 B,
881 3830 1174 3902 quadruplo
1205 3829 1421 3899 propior
1459 3829 1682 3881 existens
1710 3827 1869 3881 stellae
1898 3826 1945 3879 B
1970 3821 2124 3895 quam
2148 3823 2309 3876 stellae
2346 3823 2404 3876 F.
