2540 4296
171 263 355 318 Lmen
374 265 672 331 Titanus]
697 258 1126 334 ⁸PRINCIPIA
1166 253 1788 309 MATHEMATICA.
2229 258 2330 303 199

172 409 371 462 circum
397 429 522 461 axes
550 426 687 469 SUOS,
718 423 835 477 quae
863 423 982 456 cum
1006 403 1236 455 motibus
1264 402 1517 454 vorticum
1539 416 1828 471 congruere
1848 394 2114 459 deberent,
2138 395 2203 447 ab
2223 400 2336 446 em-

167 499 500 551 nibus'hisce
536 494 962 567 proportionibus
1002 492 1314 560 discrepant.
1394 490 1579 547 Motus
1618 498 1939 540 cometarum
1979 494 2099 536 sunt
2133 484 2334 536 summe

167 589 450 659 regulares,
498 597 550 641 et
590 587 802 640 easdem
844 584 986 654 leges
1032 601 1147 634 cum
1191 578 1521 650 planetarum
1559 578 1788 651 motibus
1820 577 2115 637 observant,
2154 584 2205 624 et
2237 593 2333 642 per

167 680 392 730 vortices
421 676 672 747 explicari
706 683 988 744 nequeunt.
1067 674 1330 725 Feruntur
1356 676 1572 723 cometae
1596 670 1823 721 motibus
1848 666 1999 718 valde
2034 665 2335 717 eccentricis

167 771 223 821 in
250 790 432 822 omnes
460 769 711 821 coelorum
734 776 927 835 partes,
958 766 1098 836 quod
1125 765 1379 816 fierinon
1404 771 1593 832 potest,
1621 762 1723 814 nisi
1747 761 1968 812 vortices
1995 759 2260 811 tollantur.

242 861 553 931 Projectilia‚
593 858 649 910 in
687 860 805 910 aere
832 867 1028 920 nostro,
1071 856 1234 908 solam
1271 854 1401 907 a‘e‘ris
1428 853 1775 906 resistentiam
1801 852 2045 903 sentiunt.
2120 849 2336 903 Sublato

165 952 302 1013 a‘ere,
343 960 402 1002 ut
437 950 499 1001 fit
535 948 591 1000 in
615 966 781 1000 vacuo
810 946 1086 1016 Boyliano,
1127 944 1421 996 resistentia
1456 952 1636 1005 cessat,
1679 941 1934 1011 siquidem
1959 940 2140 1009 pluma
2164 939 2335 990 tenuis

168 1050 222 1092 et
246 1057 432 1091 aurum
457 1038 682 1090 solidum
709 1036 898 1107 aequali
924 1054 1042 1087 cum
1067 1034 1338 1087 velocitate
1363 1034 1418 1084 in
1442 1031 1545 1085 hoc
1568 1049 1733 1082 vacuo
1760 1031 1972 1083 cadunt.
2048 1030 2120 1082 Et
2143 1049 2239 1099 par
2260 1041 2337 1082 est

2202 1125 2336 1177 Cor-

166 1241 296 1291 pora
324 1222 501 1274 omnia
524 1223 580 1273 in
604 1222 715 1273 istis
742 1220 919 1290 spatiis
956 1218 1220 1271 liberrime
1243 1219 1443 1270 moveri
1469 1218 1695 1279 debent3
1735 1227 1785 1268 et
1809 1229 2087 1286 propterea
2111 1218 2336 1287 planetae

170 1322 223 1364 et
250 1321 467 1364 cometae
492 1312 548 1363 in
573 1311 787 1363 orbibus
813 1310 986 1379 specie
1012 1319 1064 1361 et
1086 1308 1346 1377 positione
1365 1307 1498 1360 datis
1520 1306 1808 1359 secundum
1832 1306 1973 1377 leges
1999 1305 2155 1375 supra
2174 1326 2338 1376 expo-

164 1131 298 1183 ratio
336 1131 624 1199 spatiorum
662 1130 965 1192 coelestium,
1005 1146 1123 1199 quae
1150 1137 1271 1179 sunt
1297 1124 1455 1196 supra
1483 1124 1888 1194 atmosphaeram
1923 1124 2123 1177 Terrae.

165 1404 288 1456 sitas
325 1401 580 1472 perpetue
617 1401 830 1454 revolvi.
908 1401 1327 1453 Perseverabunt
1353 1399 1567 1470 quidem
1603 1399 1659 1450 in
1685 1400 1899 1451 orbibus
1926 1399 2032 1451 suis
2058 1399 2334 1470 perleges

166 1491 450 1563 gravitatiS‚
480 1490 573 1542 sed
592 1490 893 1562 regularem
918 1490 1124 1542 orbium.
1144 1489 1300 1541 situm
1323 1487 1567 1559 primitiis
1595 1488 1866 1560 acquirere
1887 1506 1984 1558 per
2008 1488 2149 1560 leges
2176 1487 2333 1540 hasce

165 1581 380 1634 minime
407 1591 709 1651 potuerunt.
1896 1589 1897 1593 ’

242 1674 474 1727 Planetae
502 1694 594 1727 sex
618 1676 932 1746 principales
958 1675 1296 1728 revolvuntur
1321 1673 1518 1727 circum
1547 1672 1724 1725 Solem
1757 1672 1813 1723 in
1838 1671 2043 1723 circulis
2077 1671 2187 1724 Soli
2213 1688 2338 1721 con-

168 1764 424 1827 centriciS,
453 1763 637 1817 eadem
661 1765 834 1818 motus
860 1764 1163 1828 directione,
1189 1764 1244 1815 in
1271 1763 1459 1816 eodem
1483 1763 1643 1831 plano
1670 1759 2084 1832 quamproxime.
2163 1760 2335 1812 Lunae

167 1851 348 1904 decem
385 1853 725 1906 revolvuntur
761 1855 959 1907 circum
996 1854 1238 1916 Terram,
1278 1853 1465 1906 Jovem
1491 1862 1542 1903 et
1572 1852 1858 1904 Saturnum
1894 1840 1951 1902 ili
1976 1850 2182 1902 circulis
2211 1869 2338 1901 con-

167 1943 425 2008 centricis‚
469 1944 654 2006 eadem
695 1944 868 1998 motus
912 1945 1213 2008 directione,
1254 1943 1309 1994 in
1345 1942 1516 2012 planis
1552 1942 1759 1994 orbium
1795 1942 2127 2011 planetarum
2155 1959 2340 2011 quam-

170 2034 428 2103 proxime.

168 2127 335 2179 causis
373 2127 718 2191 mechanicis3
758 2127 1031 2197 'siquidem
1069 2135 1287 2179 cometae
1323 2126 1379 2176 in
1418 2125 1631 2177 orbibus
1669 2124 1822 2176 valde
1855 2123 2176 2187 eccentricis,
2206 2134 2258 2176 et
2283 2123 2339 2175 in

1420 2214 1545 2276 Quo
1569 2214 1742 2267 motus
1769 2233 1962 2286 genere
1989 2223 2207 2266 cometae
2244 2232 2341 2283 per

524 2037 589 2106 (g)
638 2036 710 2089 Et
743 2037 801 2088 hi
837 2055 1017 2088 omnes
1060 2046 1233 2088 motus
1276 2035 1543 2106 regulares
1588 2034 1845 2105 originem
1883 2052 1990 2085 non
2031 2032 2229 2085 habent
2270 2051 2340 2084 ex

167 2235 349 2270 omnes
388 2218 641 2270 coelorum
676 2227 851 2287 partes
888 2216 1050 2269 libere
1087 2216 1340 2268 feruntur.

166 2308 320 2360 orbes
357 2307 687 2377 planetarum
723 2306 992 2360 celerrime
1031 2317 1082 2359 et
1096 2305 1349 2359 'facillime
1376 2315 1663 2369 transeunt,
1702 2316 1754 2358 et
1790 2307 1844 2358 in
1872 2307 2090 2375 apheliis
2118 2306 2221 2357 suis
2249 2305 2340 2357 ubi

168 2399 424 2451 tardiores
463 2408 584 2451 sunt
621 2408 675 2451 et
710 2398 906 2451 diutius
943 2407 1231 2460 morantur,
1273 2397 1432 2466 quam
1457 2395 1760 2467 longissime
1788 2397 1985 2448 distant
2006 2397 2072 2447 ab
2098 2395 2336 2459 invicem,

167 2500 227 2541 ut
252 2507 308 2540 se
332 2487 517 2540 mutue
543 2486 700 2559 quam
725 2486 939 2540 minime
973 2488 1196 2539 trahant.
1276 2484 1680 2555 Elegantissima
1703 2485 1881 2537 haecce
1912 2485 2063 2548 Solis,
2102 2484 2339 2554 planeta-

169 2597 287 2630 rum
313 2587 366 2629 et
391 2578 713 2630 cometarum
741 2595 1022 2648 compages
1047 2594 1156 2628 non
1180 2576 1280 2627 nisi
1307 2574 1524 2627 consilio
1550 2584 1602 2626 et
1627 2573 1861 2626 dominio
1887 2575 2018 2626 entis
2044 2573 2340 2646 intelligen-

168 2656 233 2720 tis
261 2677 311 2720 et
333 2667 560 2737 potentis
587 2667 712 2719 oriri
736 2667 922 2736 potuit.
977 2667 1049 2718 Et
1074 2653 1117 2718 si
1142 2666 1305 2718 stellae
1332 2665 1456 2717 fixae
1482 2666 1586 2716 sint
1611 2674 1788 2716 centra
1815 2664 2061 2717 similium
2088 2676 2339 2736 systema-

168 2769 297 2822 tum,
331 2759 448 2811 haec
474 2759 650 2811 omnia
672 2759 826 2811 simili
852 2757 1070 2810 consilio
1096 2766 1396 2809 constructa
1421 2756 1673 2808 suberunt
1708 2757 1868 2808 Unius
1893 2755 2155 2807 dominio:
2196 2774 2334 2824 prae·-

169 2849 347 2901 sertim
373 2847 493 2900 cnm
517 2848 612 2900 lux
637 2848 864 2901 fixarum
889 2848 955 2899 sit
979 2846 1213 2915 ejusdem
1238 2855 1440 2897 naturae
1465 2864 1525 2896 ac
1550 2845 1643 2895 lux
1673 2844 1825 2909 Solis,
1848 2855 1900 2896 et
1925 2855 2202 2915 systemata
2227 2865 2339 2897 om-

168 2938 256 2990 nia
296 2938 466 2990 lucem
509 2939 565 2990 in
602 2938 777 2991 onmia
811 2937 1033 2990 invicem
1073 2935 1369 2989 immittant.
1448 2935 1520 2987 Et
1554 2953 1622 2986 ne
1658 2934 1886 2986 fixarum
1923 2944 2205 3005 systemata
2239 2955 2336 3005 per

171 3029 478 3099 gravitatem
517 3047 664 3080 suam
699 3029 755 3080 in
792 3047 845 3081 se
882 3027 1068 3080 mutue
1106 3027 1309 3089 cadant,
1348 3026 1435 3078 hic
1460 3026 1642 3079 eadem
1675 3026 1983 3079 immensam
2009 3027 2075 3079 ab
2113 3026 2336 3080 invicem

171 3113 463 3170 distantiam
498 3118 743 3187 posuerit.

227 3262 284 3314 (g)
300 3266 321 3286 ¹*
337 3264 391 3303 Ee
406 3265 445 3303 Izi
454 3277 583 3303 omnes
598 3273 720 3304 motus
735 3268 941 3315 regulares.
975 3264 1226 3304 Celeberrimi

172 3316 242 3353 viri
279 3316 453 3356 Joannes
488 3325 527 3355 et
566 3318 711 3356 Daniel
747 3319 1016 3364 Bernoullius‚
1054 3318 1158 3367 prior
1185 3319 1226 3356 in

175 3369 346 3419 Physice.
380 3369 559 3415 Caelesti,v
582 3371 769 3420 posterior
800 3373 842 3409 in
878 3372 1227 3422 Disquisitionibus

176 3422 605 3473 Pysico-astronomicis
632 3426 897 3464 mechanicam
923 3426 1110 3463 horumce
1141 3438 1227 3463 mo-

174 3483 290 3513 tuum
308 3489 464 3514 causam
483 3489 531 3514 ex
549 3477 756 3517 vorticibus
782 3486 975 3527 repetunt.
1038 3478 1114 3516 Sed
1134 3477 1226 3517 cum

173 3528 408 3567 mechanicae
435 3529 709 3578 explicationes
735 3532 813 3569 illae
841 3532 1024 3569 omnibus
1048 3532 1226 3570 obnoxiae

175 3583 250 3619 sint
277 3581 569 3622 difficultatibus
597 3583 739 3634 quibus
767 3585 955 3623 vorticum
983 3585 1227 3634 hypothesim

174 3636 295 3684 premi
310 3634 392 3686 jam
412 3635 664 3682 ostendimus,
686 3637 778 3676 huic
797 3638 851 3675 rei
878 3637 1027 3676 diutius
1047 3651 1127 3676 non
1147 3639 1225 3677 vim-

174 3689 424 3726 morabimur.
503 3689 604 3727 Satis
638 3691 710 3728 erit
747 3691 961 3730 describere
990 3693 1104 3730 verba
1139 3704 1229 3742 quae

174 3743 291 3779 habet
318 3742 432 3781 Joan.
460 3742 712 3781 Bernoullius
738 3745 979 3783 mentionem
1006 3745 1151 3783 faciens
1178 3745 1229 3783 de

175 3796 249 3833 hoc
267 3795 350 3843 ipso
370 3796 553 3835 Newtoni
571 3796 669 3834 loco.
713 3797 778 3847 (Si
797 3810 924 3836 causae
941 3798 1020 3836 illae
1039 3810 1117 3836 non
1137 3808 1229 3837 sunt

175 3848 422 3895 mechanicae,
454 3856 569 3887 erunt
604 3852 939 3898 praeternaturales
970 3859 1010 3890 et
1040 3851 1229 3891 miraculo

1281 3264 1522 3311 tribuendae3
1544 3264 1611 3303 sed
1631 3278 1818 3317 magnum
1839 3265 2111 3314 philosophum
2133 3277 2209 3303 non
2226 3265 2337 3303 decet

1282 3319 1332 3357 ad
1349 3319 1582 3357 miraculum
1598 3331 1804 3364 recurrere,
1818 3321 1884 3357 ubi
1905 3319 2069 3370 alicujus
2089 3318 2336 3367 phaenomeni

1281 3373 1468 3423 quaeritur
1487 3372 1727 3422 explicatio.)
1786 3373 1992 3423 Numquid
2022 3374 2104 3422 pari
2126 3374 2216 3423 jure
2240 3373 2336 3411 Car-

1282 3427 1475 3464 tesianum
1525 3426 1799 3474 philosophum
1847 3439 2053 3474 possumus
2099 3427 2336 3477 interrogare

1281 3480 1450 3529 quanam
1487 3478 1604 3517 causa
1649 3478 1875 3517 mechanica
1912 3480 2073 3517 vortices
2118 3481 2336 3517 secundum

1281 3533 1405 3571 varias
1432 3532 1661 3570 directiones
1687 3533 1873 3579 ferantur,
1903 3545 1972 3570 cur
2000 3534 2241 3582 planetarum
2262 3533 2335 3571 cir-

1282 3586 1563 3625 cumsolarium
1590 3587 1750 3624 vortices
1775 3589 1823 3624 ab
1850 3586 2049 3624 occidente
2082 3587 2122 3623 in
2147 3586 2335 3624 orientem

1282 3641 1543 3679 moveantur?
1575 3640 1642 3676 ubi
1673 3641 1959 3688 phaenomenon
1988 3640 2145 3691 aliquod
2178 3640 2226 3678 ad
2256 3640 2335 3689 pri-

1280 3706 1388 3731 mam
1407 3705 1565 3733 causam
1585 3692 1797 3731 deductum
1816 3701 1884 3739 est,
1915 3693 1977 3731 hic
1995 3695 2140 3732 haerere
2159 3706 2336 3731 causam-

1282 3759 1360 3796 que
1377 3746 1641 3785 mechanicam
1661 3745 1825 3784 ultcrius
1845 3760 1920 3785 non
1941 3760 2123 3798 quaerere,
2146 3759 2336 3800 magnum

1282 3800 1555 3851 philosophum
1577 3812 1658 3837 non
1679 3800 1850 3838 dedecet.
