2540 4296
111 227 298 281 LIBER
314 224 617 288 Teximus]
671 217 1079 275 PRINCIPIA
1117 211 1743 270 MATHEMATICA.
2171 218 2271 263 189

105 368 306 440 aequale
331 386 385 420 111
411 366 464 419 T
488 397 561 407 —-
585 384 640 418 m
666 375 688 418 t
720 373 776 428 -Ι-
808 383 845 416 11
871 363 924 415 T
943 393 1013 402 —
1032 380 1068 413 11
1088 382 1128 413 τ.
1206 360 1278 413 Ε1
1304 360 1347 411 51
1372 359 1427 410 111
1457 358 1760 428 operatione
1784 353 1952 425 prima
1982 354 2008 405 I
2037 355 2275 425 designet

108 459 499 515 inclina-tionem
535 457 678 527 plani
718 453 1029 525 trajectoriae
1065 451 1131 503 ad
1170 451 1386 520 planum
1424 449 1680 519 eclipticae
1717 457 1769 498 et
1802 445 1855 497 K
1890 444 2274 515 longitudinem

107 547 236 605 nodi
262 547 580 609 alterutriuS,
611 545 710 603 erit
737 544 764 596 I
800 551 854 605 -Ι-
887 561 923 593 11
946 542 1001 604 Q
1025 559 1148 592 vera
1173 538 1441 590 inclinatio
1466 538 1612 608 plani
1638 534 1948 606 trajectoriae
1970 532 2036 585 ad
2061 533 2276 602 planum

104 636 377 706 eclipticae,
407 645 459 687 et
490 634 543 686 K
578 642 631 696 -Ι-
664 651 718 684 111
747 632 792 690 Ρ
817 650 941 683 vera
964 628 1241 701 longitudo
1265 626 1408 679 nodi.
1485 626 1546 697 (Υ)
1575 627 1658 679 Α6
1684 625 1910 695 denique
1937 623 1980 674 si
2009 623 2064 673 111
2090 639 2275 691 opera-

104 728 247 780 tione
270 726 458 797 prima,
489 723 715 786 5661111ὀᾶ
743 743 804 776 ac
830 721 999 786 tertia,
1028 721 1340 792 quantitates
1371 719 1439 782 R,
1466 735 1495 769 1·
1519 714 1616 786 etg
1641 716 1919 788 designent
1942 714 2107 778 latera
2131 723 2275 765 recta

104 855 431 926 trajectoriae,
460 863 514 907 et
539 852 852 923 quantitates
879 825 962 956 -ῙΕ,
991 823 1077 953 ..11,
1105 821 1175 950 ,Ξ-
1220 845 1454 916 ejusdem
1504 843 1668 896 latera
1715 851 2013 895 transversa
2068 857 2275 911 respec-

47 973 53 978 .
103 998 238 1053 tive:
291 999 388 1052 erit
428 998 479 1050 R
528 1004 581 1060 -Ι-
628 1016 682 1048 111
708 1014 735 1047 r
774 1026 847 1036 —-
882 1013 936 1046 111
964 995 1016 1046 R
1063 1000 1117 1055 -Ι-
1162 1008 1198 1042 11
1234 1012 1257 1060 g
1291 1021 1363 1031 —
1399 1008 1436 1042 11
1477 989 1529 1042 R
1569 1006 1752 1042 verum
1789 989 1924 1043 latus
1962 996 2184 1051 rectum,
2224 995 2277 1039 et

587 1094 608 1139 1

1139 1133 1322 1168 verum
1372 1114 1506 1167 latus
1557 1124 1910 1166 transversum
1965 1110 2276 1186 trajectoriae

104 1173 156 1225 L
192 1180 243 1233 -Ι-
280 1169 726 1233 ml--mL-i-
762 1170 1090 1221 nz—nL

103 1280 260 1331 quam
300 1272 503 1313 cometa
547 1259 821 1313 describit..
889 1259 946 1328 (⁵)
993 1259 1138 1312 Dato
1172 1268 1345 1312 autem
1377 1258 1541 1311 latere
1584 1269 1882 1313 transverso
1922 1259 2078 1311 datur
2119 1257 2276 1311 etiam

101 1361 309 1420 tempus
336 1335 663 1419 periodicum
688 1357 923 1402 cometae.
1004 1348 1074 1410 Q.
1103 1367 1147 1401 e.
1175 1349 1208 1401 i.

178 1436 444 1491 Caeterum
470 1448 790 1491 cometarum
828 1437 1206 1491 revolventium
1231 1448 1469 1508 tempora
1492 1438 1777 1508 periodica,
1808 1447 1860 1490 et
1886 1437 2094 1490 orbium
2113 1437 2278 1490 latera

104 1537 413 1592 transversa,
465 1527 609 1580 haud
650 1529 771 1580 satis
821 1527 1060 1581 accurate
1100 1529 1602 1593 determinabuntur,
1654 1529 1755 1582 nisi
1801 1547 1899 1598 per
1946 1529 2277 1582 collationem

102 1632 425 1673 cometarum
449 1621 585 1674 inter
612 1640 683 1685 se,
706 1622 795 1692 qui
820 1620 1036 1674 diversis
1064 1622 1384 1691 temporibus
1411 1630 1680 1691 apparent.
1749 1621 1806 1674 Si
1831 1620 2009 1691 plures
2035 1631 2273 1685 cometae,

99 1720 221 1779 post
239 1710 461 1780 aequalia
481 1719 779 1781 temporum
803 1709 1091 1775 intervalla,
1114 1710 1340 1763 eundem
1365 1711 1547 1763 orbem
1567 1710 1902 1780 descripsisse
1925 1711 2272 1780 reperiantur,

105 1798 526 1851 concludendum
566 1799 665 1852 erit
701 1798 797 1851 hos
823 1818 1003 1852 01111165
1030 1818 1143 1853 esse
1174 1819 1339 1852 unum
1365 1809 1417 1852 et
1442 1800 1670 1852 eundem
1696 1810 1969 1864 cometam,
2009 1801 2064 1851 in
2092 1800 2277 1853 eodem

105 1888 233 1939 orbe
275 1887 647 1940 revolventem.
748 1888 806 1959 (t)
858 1889 930 1941 Et
978 1899 1092 1942 tum
1142 1889 1353 1942 demum
1406 1909 1474 1942 ex
1524 1890 1910 1942 revolutionum
1953 1890 2276 1959 temporibus

103 1978 370 2030 dabuntur
407 1979 615 2031 orbium
651 1979 817 2032 latera
853 1989 1162 2044 transversa,
1205 1990 1256 2032 et
1291 1999 1356 2032 ex
1393 1980 1475 2033 his
1513 1980 1763 2033 lateribus
1789 1980 2277 2033 determinabuntur

104 2067 257 2119 orbes
285 2067 515 2136 elliptici.

173 2159 239 2210 In
266 2157 407 2210 hunc
433 2159 595 2211 finem
625 2159 992 2229 computandae
1018 2169 1139 2213 sunt
1163 2160 1323 2232 igitur
1342 2172 1657 2214 cometarum
1686 2161 1918 2231 plurium
1944 2160 2272 2231 trajectoriae,

101 2267 168 2300 ex
211 2248 492 2319 hypothesi
533 2249 677 2320 quod
722 2250 825 2301 sint
867 2250 1197 2320 parabolicae.
1275 2251 1418 2303 Nam
1455 2250 1758 2321 hujusmodi
1800 2250 2112 2321 trajectoriae
2154 2246 2290 2302 cum'

100 2338 461 2409 phaenomenis
489 2358 697 2410 semper
722 2350 1017 2412 congruent
1042 2340 1456 2411 quamproxime.
1535 2329 1600 2393 Id
1625 2341 1804 2413 liquet,
1843 2360 1953 2394 non
1980 2339 2181 2394 tannim
2207 2359 2275 2392 ex

100 2429 397 2501 trajectoria
424 2429 722 2501 parabolica
749 2441 967 2484 cometae
987 2431 1112 2483 anni
1141 2439 1297 2496 1680,
1320 2431 1477 2502 quam
1503 2450 1622 2485 cum
1648 2433 2094 2487 observationibus
2115 2429 2274 2502 supra

154 2641 209 2695 (ι’)
228 2645 249 2666 *
265 2644 327 2681 Ac
343 2641 522 2695 deniqui}-
565 2642 673 2683 Nota
691 2643 768 2683 sint
785 2643 905 2683 latera
919 2651 1024 2683 recta
1037 2644 1157 2683 trium
1209 2658 1339 2684 cessus
1367 2645 1498 2685 lateris
1528 2646 1624 2685 recti
1654 2645 1697 2685 in
1725 2647 1844 2697 plano
1874 2648 1989 2688 tertio
2007 2646 2135 2697 'supra
2165 2647 2269 2687 latus

98 2696 406 2746 trajectoriarum
434 2699 476 2735 in
502 2698 726 2747 operatione
751 2697 893 2747 prima,
924 2697 1096 2736 secunda
1120 2707 1159 2738 et
1210 2708 1362 2737 rectum
1407 2700 1450 2737 in
1485 2700 1613 2749 primo
1649 2701 1790 2740 ductus
1825 2702 1869 2740 in
1904 2715 1944 2747 11,
1991 2701 2160 2753 ideoque
2195 2704 2268 2741 erit

97 2747 212 2788 1611ἰᾶ
230 2749 520 2800 descriptarum.
582 2751 776 2802 Designet
804 2753 857 2799 R,
885 2751 988 2791 latus
1006 2759 1158 2790 rectum
1215 2753 1255 2791 R
1274 2754 1327 2805 4
1345 2765 1387 2790 m
1405 2765 1425 2790 r
1442 2776 1497 2784 —
1515 2766 1555 2791 111
1579 2755 1619 2792 R
1710 2768 1737 2791 11
1756 2773 1775 2809 g
1791 2777 1847 2787 -
1868 2768 1896 2792 11
1918 2756 1971 2803 R,
2000 2769 2136 2794 verum
2164 2755 2268 2794 latus

98 2803 233 2852 primae
251 2804 489 2854 trajectoriae,
508 2817 529 2841 1
546 2804 738 2851 secundae,
796 2805 930 2849 tertiae,
961 2812 1000 2844 et
1018 2806 1152 2857 trajec-
1205 2814 1368 2844 rectum.
1415 2807 1539 2845 Simili
1559 2807 1680 2846 modo
1699 2817 1804 2856 patet
1821 2808 1921 2847 datis
1939 2810 2123 2848 lateribus
2141 2817 2264 2848 trans-

98 2856 206 2894 toriae
232 2869 351 2907 quam
379 2866 530 2896 cometa
556 2857 738 2896 describit
784 2858 997 2897 esideretur
1015 2872 1152 2897 verum
1205 2860 1322 2898 versis
1346 2861 1388 2898 in
1407 2861 1627 2910 operatione
1654 2860 1794 2911 prima,
1824 2861 1998 2902 secunda
2015 2871 2055 2902 et
2073 2862 2186 2901 tertia
2204 2876 2265 2901 re-

99 2908 201 2947 latus
226 2917 402 2959 rectum;
432 2924 500 2960 per
525 2912 704 2963 regulam
731 2912 839 2950 falsae
867 2912 1067 2961 positionis
1085 2912 1151 2951 eft-

101 2961 190 3000 dem
226 2963 344 3012 plane
379 2963 562 3002 methodo
594 2978 713 3015 quam
743 2964 864 3005 modo
900 2965 1152 3005 adhibuimus

101 3017 239 3065 poterit
265 3016 440 3058 inveniri.
502 3018 560 3056 Ut
578 3018 797 3057 obtineatur
823 3031 913 3058 vera
945 3019 1152 3071 longitudo

99 3069 203 3115 nodi,
236 3071 392 3110 additur
422 3070 507 3122 ejus
530 3069 767 3123 longitudini
797 3073 841 3110 in
876 3073 1002 3122 primo
1034 3073 1152 3122 plano

99 3134 274 3162 excessus
292 3124 549 3176 longitudinis
560 3134 769 3174 assumptae
787 3126 828 3163 in
847 3126 967 3176 plano
978 3127 1151 3164 secundo

100 3177 214 3225 supra
233 3181 515 3227 praecedentem
534 3177 676 3216 ductus
701 3179 743 3216 in
762 3191 815 3226 m,
837 3187 876 3218 et
895 3187 941 3217 ut
963 3181 1152 3218 habeatur

99 3242 187 3268 vera
204 3230 407 3271 inclinatio
422 3231 532 3281 plani
549 3232 776 3283 trajectoriae
790 3233 840 3271 ad
854 3233 1016 3282 planum
1031 3232 1150 3282 eclip-

97 3284 195 3328 ticae‚
226 3285 383 3324 additur
408 3284 650 3323 inclinationi
677 3286 783 3335 plani
811 3286 938 3335 primi,
974 3299 1152 3325 excessus

97 3336 358 3376 inclinationis
375 3345 584 3387 assumptae
610 3338 653 3375 in
680 3339 797 3387 plano
815 3339 929 3378 tertio
946 3338 1065 3388 supra
1091 3340 1151 3377 in-

97 3390 345 3430 clinationem
363 3391 645 3442 praecedentem
663 3391 805 3431 ductus
822 3393 865 3430 in
883 3405 923 3430 n.
985 3392 1062 3431 Sed
1078 3402 1153 3431 tra·

91 3442 254 3494 jectoria
271 3453 432 3483 cometae
451 3445 611 3496 ejusque
637 3445 739 3483 latus
756 3453 906 3484 rectum
924 3446 1064 3497 corrigi
1083 3446 1152 3485 de-

96 3499 190 3535 bent
217 3506 301 3535 tum
322 3500 371 3537 ob
390 3505 601 3537 correctam
623 3498 911 3549 longitudinem
929 3500 1035 3544 nodi,
1065 3508 1152 3537 tum

95 3552 146 3588 ob
183 3559 395 3590 correctam
430 3550 723 3589 inclinationem
759 3552 867 3601 plani
902 3552 954 3591 ad
988 3552 1153 3601 planum

93 3604 294 3653 eclipticae,
316 3616 435 3655 quare
453 3604 563 3642 lateri
580 3613 686 3643 recto
703 3605 930 3655 trajecten-iae
957 3605 999 3643 in
1024 3607 1152 3655 primo

93 3657 211 3706 plano
230 3658 429 3706 descriptae
443 3656 522 3695 sive
539 3656 612 3706 ipsi
627 3658 678 3703 R,
695 3658 786 3697 addi
801 3658 967 3698 debetm
977 3671 1090 3696 r—-m
1097 3660 1150 3706 R,

93 3723 273 3749 excessus
300 3711 446 3749 scilicet
473 3710 604 3749 lateris
634 3711 729 3749 recti
759 3712 802 3749 in
828 3711 947 3760 plano
978 3712 1152 3750 secundo

94 3763 214 3813 supra
239 3765 341 3804 latus
359 3771 510 3803 rectum
527 3763 570 3801 in
587 3764 707 3813 plano
725 3765 852 3814 primo
871 3765 1015 3804 ductus
1033 3767 1075 3803 in
1092 3778 1147 3804 m.

98 3818 259 3858 Addere
293 3818 453 3870 insuper
470 3824 621 3868 oportet
639 3830 667 3855 11
685 3834 704 3872 ς
722 3840 776 3851 ·--
794 3831 822 3857 u
852 3818 904 3868 R,
923 3818 992 3871 qui
1010 3826 1067 3859 est
1084 3832 1152 3858 ex-

1205 2945 1372 2995 spective
1391 2918 1454 2994 ὲ,
1472 2920 1537 2995 -1—,
1562 2918 1625 2996 ὲ,
1642 2960 1723 2987 6556
1737 2961 1872 2988 verum
1887 2949 1990 2988 latus
2004 2957 2263 2988 transversum

1491 2983 1504 3019 l
1572 2991 1599 3021 λ

1776 3039 1793 3073 1

1455 3088 2140 3153 mmm·

1258 3167 1312 3220 (⁵)
1331 3170 1418 3208 172.
1438 3172 1458 3193 ¹*
1475 3172 1583 3208 Dato
1602 3177 1736 3209 autem
1754 3172 1871 3208 latere
1890 3178 2116 3210 transverso.
2181 3172 2261 3209 Ac-

1205 3220 1337 3260 6111616
1357 3222 1546 3272 descripta
1570 3232 1732 3261 cometae
1751 3223 1965 3274 trajectorifi
1997 3226 2084 3276 (per
2110 3226 2262 3263 metho-

1204 3275 1275 3312 dos
1311 3276 1499 3326 praeced.)
1538 3276 1571 3314 si
1608 3276 1920 3325 deprehendatur
1955 3277 2123 3327 ellipsim
2162 3279 2262 3317 Solis

1205 3337 1338 3366 centro
1366 3336 1550 3379 tanquam
1578 3330 1764 3372 umbilico
1791 3330 2035 3379 descriptam,
2065 3344 2144 3368 non
2172 3332 2263 3370 vero

1205 3381 1427 3430 parabolam
1464 3395 1533 3431 per
1569 3383 1824 3422 determinata
1854 3384 2081 3434 trajectoriae
2118 3394 2263 3433 puncta

1206 3435 1380 3482 transire,
1410 3445 1562 3474 cometa
1587 3437 1629 3474 in
1657 3438 1790 3474 orbern
1810 3436 1949 3475 redibit
1968 3446 2006 3475 et
2025 3438 2116 3476 dato
2144 3439 2262 3477 latere

1205 3495 1422 3527 transverso
1466 3489 1693 3540 trajectoriae
1738 3491 1869 3542 hujuS,
1916 3490 2071 3529 dabitur
2108 3501 2263 3541 tempus

1206 3541 1446 3590 periodicum
1461 3557 1474 3590 ;
1515 3543 1589 3581 erit
1621 3543 1777 3587 scilicet,
1812 3543 2045 3594 quadratum
2078 3546 2264 3594 temporis

1205 3594 1390 3643 periodici
1408 3604 1571 3634 cornetae
1597 3596 1647 3634 ad
1674 3596 1907 3647 quadratum
1927 3600 2110 3648 temporis
2137 3601 2263 3647 perio-

1205 3647 1283 3685 dici
1314 3649 1484 3687 Telluris
1512 3648 1613 3687 circa
1635 3650 1765 3688 Solem
1792 3658 1838 3687 ut
1865 3653 1990 3689 cubus
2006 3653 2163 3703 majoris
2180 3654 2266 3690 axis

1203 3700 1340 3740 orbitae
1367 3702 1565 3740 cometicae
1590 3703 1642 3741 ad
1667 3706 1817 3742 cubum
1844 3705 2002 3756 majoris
2011 3699 2104 3744 'axis
2127 3707 2264 3746 orbitae

1205 3756 1390 3794 terrestris
1408 3756 1542 3808 (160).

1260 3820 1316 3873 (¹)
1342 3824 1363 3846 ⁴*
1386 3823 1444 3862 Et
1460 3827 1549 3862 tum
1567 3823 1722 3862 demum
1743 3819 1876 3874 (160).

1205 3065 1432 3116 trajectoriae

1130 3891 1223 3934 Na
