2540 4296
112 250 297 302 LIBER
324 246 622 310 Tnmuus]
700 242 1101 296 PRINCIPIA
1143 240 1759 293 MATHEMATICA.

2163 244 2308 292 175*

113 388 268 462 quam
292 389 448 453 >calor
492 406 647 458 quem
688 386 857 438 Terra
891 384 1036 435 arida
1077 382 1303 451 concipit
1341 382 1408 433 ad
1446 381 1684 433 aestivum
1712 380 1903 442 Solem,
1940 388 1998 431 ut
2022 388 2267 447 expertus

115 501 230 535 sum
247 501 263 533 ε
299 491 350 534 et
377 481 517 532 calor
541 478 664 532 ferri
689 475 955 530 candentis
982 474 1035 544 (i)
1066 476 1131 544 (si
1155 473 1293 526 recte
1319 474 1601 543 conjector)
1641 473 1789 544 quasi
1815 472 1970 541 triplo
1997 472 2079 523 vel
2105 471 2269 541 quad-

113 572 267 641 ruplo
307 571 473 640 major
516 568 672 639 quam
708 567 848 619 calor
886 583 1034 634 aquae
1079 563 1402 625 ebullienti-s3
1440 562 1663 632 ideoque
1703 562 1860 625 calor,
1908 580 2061 631 quem
2101 560 2275 612 Terra

115 663 260 716 arida
285 662 424 731 apud
451 670 705 713 cometam
739 658 794 708 in
829 657 1083 725 perihelio
1109 664 1402 708 versantem
1427 673 1494 706 ex
1520 655 1679 707 radiis
1705 655 1959 708 solaribus
1997 653 2271 722 concipere

117 761 305 822 posset,
353 750 500 820 quasi
542 756 684 800 2000
727 746 928 798 vicibus
969 746 1133 815 major
1175 742 1331 815 quam
1372 742 1512 795 calor
1560 743 1683 795 ferri
1733 744 2015 796 candentis.
2095 743 2270 795 Tanto

115 851 289 893 autem
327 839 498 891 calore
535 854 752 904 vapores
783 845 835 887 et
872 834 1243 898 exhalationeS,
1283 833 1554 903 omnisque
1591 833 1806 885 materia
1845 832 2065 884 volatilis
2102 831 2273 884 statim

117 929 356 983 consumi
389 946 449 979 ac
475 926 714 994 dissipari
740 925 1051 976 debuissent.
1610 930 1614 931 ⁷

191 1025 412 1077 Cometa
442 1021 601 1092 igitur
639 1020 692 1071 in
726 1019 981 1088 perihelio
1010 1036 1105 1070 suo
1132 1016 1357 1070 calorem
1382 1017 1694 1067 immensum
1720 1015 1785 1066 ad
1816 1014 1992 1067 Solem
2018 1013 2274 1083 concepit,

117 1127 168 1170 et
205 1115 427 1167 calorem
468 1112 616 1163 illum
651 1110 938 1163 diutissime
973 1128 1281 1162 conservare
1322 1118 1508 1178 potest.
1587 1109 1726 1160 Nam
1765 1108 1951 1179 globus
1991 1108 2114 1159 ferri
2154 1127 2277 1159 can-

118 1204 287 1258 dentis
322 1202 544 1273 digitum
579 1218 744 1252 unum
775 1199 928 1262 latuS,
963 1199 1190 1251 calorem
1228 1216 1379 1250 suum
1417 1216 1625 1250 omnem
1651 1197 1819 1267 spatio
1852 1197 1999 1249 horae
2036 1198 2190 1249 unius
2224 1198 2280 1248 in

120 1299 241 1350 a‘e're
269 1294 557 1346 consistens
593 1292 681 1342 vix
718 1291 989 1342 amitteret.
1068 1288 1273 1342 Globuvs
1299 1299 1472 1341 autem
1497 1290 1663 1359 major
1688 1289 1912 1340 calorem
1938 1287 2130 1339 diutius
2157 1306 2281 1339 con-

120 1396 351 1441 servaret
367 1386 429 1439 tin
455 1384 656 1436 ratione
682 1382 934 1446 diametri,
971 1391 1251 1450 propterea
1277 1380 1418 1451 quod
1445 1379 1743 1449 superficies
1783 1379 1872 1449 (ad
1899 1379 2045 1448 cujus
2070 1396 2282 1430 mensu-

119 1497 233 1533 ram
267 1496 363 1548 per
401 1486 698 1529 contactum
724 1474 856 1527 a'e‘ris
883 1474 1156 1526 ambientis
1182 1473 1538 1545 refrigeratur)
1578 1474 1632 1524 in
1669 1472 1757 1525 illa
1783 1472 1984 1524 ratione
2009 1472 2180 1523 minor
2206 1482 2286 1525 est

120 1590 219 1642 pro
238 1571 524 1641 quantitate
541 1568 772 1620 materiae
793 1586 901 1620 suae
921 1568 1102 1619 calidae
1127 1567 1355 1620 inclusae.
1402 1568 1633 1636 Ideoque
1658 1567 1846 1638 globus
1866 1565 1990 1618 ferri
2013 1566 2285 1619 candentis

120 1664 244 1715 huic
270 1663 453 1715 Terrae
479 1662 708 1732 aequalis,
737 1660 792 1712 id
817 1670 908 1724 est,
935 1660 1096 1729 pedes
1120 1661 1239 1730 plus
1265 1660 1437 1711 minus
1464 1666 1753 1712 40000000
1779 1658 1931 1719 latus,
1955 1656 2138 1709 diebus
2167 1659 2287 1710 toti-

122 1753 260 1817 dem,
306 1762 359 1804 et
400 1752 597 1804 idcirco
642 1751 791 1803 annis
830 1758 1026 1814 50000,
1067 1750 1156 1802 vix
1198 1749 1570 1821 refrigesceret.
1650 1748 1898 1817 Suspicor
1933 1757 2106 1800 tamen
2145 1749 2287 1818 quod

122 1845 329 1897 duratio
368 1844 571 1907 caloris,
611 1844 679 1895 ob
717 1861 896 1895 causas
934 1842 1166 1905 latentes,
1207 1850 1459 1913 augeatur
1495 1840 1549 1890 in
1585 1839 1790 1891 minore
1819 1838 2020 1890 ratione
2046 1837 2202 1910 quam
2229 1859 2291 1892 ea

123 1935 390 1988 diametri:
434 1933 497 2004 (¹³)
526 1943 578 1986 et
602 1934 825 2003 optarim
849 1934 1102 1986 rationem
1128 1949 1302 1985 veram
1326 1951 1422 2002 per
1448 1932 1805 2001 experimenta
1828 1932 2143 2002 investigari.

202 2024 371 2078 Porro
396 2024 686 2076 notandum
711 2035 789 2076 est
813 2024 953 2095 quod
979 2034 1180 2077 cometa
1197 2042 1375 2076 mense
1395 2022 1697 2086 Decembri,
1716 2022 1807 2074 ubi
1833 2023 1899 2074 ad
1929 2022 2105 2075 Solem
2130 2021 2291 2075 modo

125 2116 425 2178 incaluerat,
453 2114 672 2167 caudam
697 2114 963 2167 emittebat
987 2114 1144 2185 longe
1168 2115 1498 2183 majorem-et
1523 2111 1931 2182 splendidiorem
1957 2111 2113 2182 quam
2141 2123 2293 2163 antea

125 2225 302 2258 mense
323 2206 625 2269 Novembri,
645 2206 737 2258 ubi
754 2204 1064 2275 perihelium
1085 2205 1319 2257 nondum
1340 2205 1595 2277 attigerat.
1643 2204 1713 2257 Et
1732 2200 2090 2256 universaliter
2110 2201 2293 2255 caudae

126 2317 304 2351 omnes
329 2299 571 2351 maximae
597 2309 648 2350 et
672 2298 1064 2370 fulgentissimae
1090 2318 1119 2351 e
1144 2300 1358 2352 cometis
1384 2300 1624 2351 oriuntur
1658 2298 1832 2350 statim
1867 2305 1988 2367 post
2014 2296 2291 2349 transitum

128 2407 310 2441 eorum
335 2407 431 2457 per
455 2389 722 2459 regionem
753 2388 904 2440 Solis.
983 2388 1246 2440 Conducit
1269 2388 1429 2459 igitur
1455 2387 1720 2440 calefactio
1747 2396 1964 2439 cometae
1990 2386 2058 2438 ad
2090 2385 2293 2456 magni-

677 2477 735 2547 (¹)
778 2477 851 2530 Et
885 2476 1008 2530 inde
1035 2478 1281 2551 colligere
1313 2478 1493 2530 videor
1519 2478 1661 2549 quod
1695 2478 1861 2531 cauda
1884 2477 2016 2529 nihil
2050 2477 2192 2528 aliud
2227 2476 2294 2529 sit

129 2569 288 2640 quam
312 2589 473 2639 vapor
498 2570 654 2643 longe
679 2570 1028 2636 tenuissimuS,
1068 2590 1225 2643 quem
1254 2583 1412 2642 caput
1437 2589 1529 2624 seu
1552 2572 1767 2624 nucleus
1793 2582 2010 2625 cometae
2034 2590 2129 2641 per
2155 2571 2292 2624 calo-

129 2678 243 2711 rem
268 2678 419 2711 suum
445 2659 647 2712 emittit.

205 2746 471 2801 Caeterum
507 2747 574 2801 de
611 2757 930 2801 cometarum
964 2737 1143 2801 caudis
1179 2750 1371 2820 triplex
1408 2760 1487 2802 est
1523 2750 1700 2819 opin'io
1718 2769 1746 2823 ςΔ
1773 2769 1860 2803 eas
1885 2750 1968 2803 vel
1997 2750 2155 2820 jubar
2180 2769 2292 2803 esse

138 2839 274 2891 Solis
310 2857 406 2908 per
440 2839 760 2891 translucida
785 2850 1105 2892 cometarum
1130 2842 1300 2911 capita
1336 2852 1699 2914 propagatum,
1739 2842 1821 2894 vel
1848 2842 1974 2894 oriri
2011 2862 2078 2895 ex
2102 2842 2293 2894 refracn

138 2930 281 2981 tione
317 2929 447 2981 lucis
484 2930 540 2981 in
575 2948 858 3001 progressu
896 2930 1058 2999 ipsius
1083 2949 1115 2982 a
1141 2931 1309 3000 capite
1336 2942 1553 2983 cometae
1589 2932 1645 2983 in
1684 2931 1923 2995 Terram,
1962 2931 2044 2983 vel
2069 2931 2294 3003 denique

129 2478 363 2530 tudinem
401 2477 599 2529 cau'dae.

187 3056 240 3109 (¹)
260 3060 282 3082 ⁷*
305 3059 346 3097 Si
368 3056 469 3097 recte'
486 3058 687 3109 conjector.
749 3058 870 3097 Hanc
891 3058 1076 3097 Newtoni
1094 3070 1187 3096 con-
1241 3057 1387 3097 diutius
1414 3058 1581 3097 calorem
1608 3058 1651 3096 in
1678 3057 1904 3107 corporibus
1929 3058 2085 3096 retineri
2104 3070 2183 3109 quo
2210 3071 2293 3096 ma-

131 3110 322 3161 jecturam
343 3111 605 3160 experimenta
622 3110 865 3150 confirmant.
908 3112 960 3150 In
983 3113 1181 3150 Transact.
1235 3111 1323 3162 jora
1352 3118 1457 3158 sunt,
1492 3111 1640 3150 caeteris
1671 3112 1840 3161 paribus.
1902 3111 1943 3149 Si
1974 3119 2106 3149 autem
2135 3124 2295 3161 corpora

139 3163 271 3202 Philos
272 3165 361 3213 oph.
386 3177 496 3203 num.
520 3167 612 3204 270.
636 3164 867 3204 describitur
892 3165 1026 3204 tabula
1052 3165 1189 3203 caloris
1242 3164 1417 3216 ejusdem
1449 3164 1627 3211 diametri
1666 3165 1918 3216 ejusdemque
1950 3165 2098 3211 caloris,
2137 3165 2295 3203 diversae

132 3216 277 3267 gradus
289 3217 487 3256 exhibens
528 3218 689 3270 (Hujus
702 3218 846 3263 tabulae
860 3218 1188 3257 constructionem

126 3269 212 3320 jam
231 3271 481 3319 exposuimus
498 3270 541 3309 in
559 3278 639 3309 not.
665 3271 714 3310 ad
737 3272 825 3311 Cor.
847 3277 884 3310 4.
911 3272 1031 3321 Prop.
1052 3271 1185 3310 VIII.

136 3323 224 3363 Lib.
257 3323 371 3374 ΙΙΙ.)
429 3324 495 3363 Ex
522 3324 652 3363 relatis
677 3327 727 3363 ab
753 3331 887 3364 autore
914 3324 1189 3375 experimentis

133 3375 332 3427 colligitur
358 3377 525 3415 calorem
551 3377 655 3424 ferri,
684 3386 878 3430 quantum
905 3377 1058 3417 levioris
1084 3377 1189 3430 ignis

136 3429 284 3467 auxilio
302 3430 385 3468 fieri
412 3430 552 3495 potuit,
580 3430 808 3478 candefacti,
830 3431 980 3470 circiter
997 3431 1118 3470 fuisse
1136 3431 1189 3484 Ξξ

134 3483 323 3534 majorem
351 3482 471 3534 quam
501 3483 606 3522 calor
637 3497 750 3535 aquae
781 3485 1013 3523 ebullientis.
1077 3485 1189 3524 Hinc

135 3535 238 3585 ignis
258 3537 553 3575 vehementioris
559 3549 639 3587 ope
650 3545 766 3577 aucto
777 3538 903 3577 calore
916 3538 1008 3577 ferri
1022 3538 1193 3578 canden-

136 3590 197 3635 tis,
230 3587 334 3627 recte
361 3589 599 3640 conjectatur
632 3590 851 3630 Newtonus
876 3592 1044 3630 calorem
1075 3592 1196 3642 hujus

136 3641 230 3680 ferri
261 3643 371 3733 quasi
402 3643 519 3692 triplo
548 3637 863 3736 velmquadruplo
888 3646 1078 3697 majorem
1110 3645 1194 3685 fleri

163 3693 256 3733 uam
336 3708 379 3733 or

137 3707 163 3746 q
193 3747 252 3800 (¹²)
275 3708 386 3789 iaEt
396 3698 602 3799 agffirssu
610 3698 798 3790 ναῗίῗιῐτιιίυι
831 3765 972 3791 veram
1034 3750 1190 3791 clariss.

141 3800 398 3840 Hermannus
429 3803 654 3841 Boerhaave
686 3803 728 3840 in
759 3804 977 3842 Elementis
1006 3805 1192 3851 Chemiae‚

139 3852 441 3906 diligentissimis
458 3857 730 3906 experimentis
750 3871 791 3896 sc
810 3858 999 3898 invenisse
1018 3858 1135 3899 refert
1149 3857 1196 3899 co

1241 3219 1319 3257 sint
1337 3213 1543 3264 densitatis,
1565 3232 1654 3270 quae
1671 3219 1848 3257 densiora
1866 3226 1970 3265 sunt,
1991 3219 2128 3257 caloris
2141 3232 2297 3282 quoque

1241 3279 1334 3310 sunt
1365 3273 1585 3320 tenaciora3
1626 3271 1795 3311 densitas
1827 3272 1932 3310 eni-m
1969 3272 2103 3323 ignem
2132 3272 2295 3319 coercet,

1240 3324 1424 3376 illiusque
1451 3338 1649 3389 egressum
1674 3339 1722 3365 ex
1748 3325 1896 3364 intimis
1923 3326 2096 3375 partibus
2113 3325 2293 3364 retardat.

1247 3377 1354 3423 Quia
1382 3377 1474 3417 vero
1500 3379 1648 3417 intimae
1680 3391 1887 3429 corporum
1918 3387 2045 3427 partes
2080 3379 2300 3420 innumeris

1241 3431 1369 3469 modis
1392 3433 1529 3470 variari
1546 3440 1665 3483 atque
1688 3433 1789 3472 inter
1807 3446 1848 3472 se
1874 3433 2106 3482 permisceri
2121 3441 2296 3481 possunt,

1241 3485 1333 3523 hinc
1351 3493 1456 3535 patet
1473 3486 1516 3524 in
1535 3485 1619 3536 ipsa
1636 3486 1773 3526 caloris
1791 3486 2079 3525 conservatione
2098 3499 2178 3524 non
2198 3487 2300 3525 leves

1247 3538 1447 3578 varietates
1464 3539 1555 3578 oriri
1574 3551 1696 3589 posse.
1749 3541 1830 3578 Hae
1849 3549 1942 3579 sunt
1959 3540 2119 3578 fortasse
2137 3539 2300 3579 latentes

1250 3604 1376 3631 causae
1402 3601 1491 3643 quae
1520 3594 1760 3632 Newtonum
1784 3594 1825 3630 in
1846 3606 1931 3632 eam
1951 3594 2210 3642 suspicionem
2238 3596 2300 3631 in-

1248 3644 1457 3693 duxerunt,
1491 3645 1735 3685 durationem
1763 3647 1907 3685 scilicet
1935 3647 2072 3685 caloris
2098 3647 2232 3699 augeri
2258 3648 2300 3686 in

1246 3698 1389 3737 minori
1406 3699 1553 3738 ratione
1571 3713 1691 3751 quam
1709 3713 1757 3738 ea
1775 3701 1962 3739 diametri.

1302 3751 1352 3804 (¹)
1374 3756 1396 3777 ’Ἠ
1419 3754 1475 3792 Et
1502 3753 1592 3793 inde}
1609 3755 1779 3804 colligere
1798 3757 1935 3793 videor.
1998 3755 2118 3793 Hanc
2146 3762 2301 3793 senten-

1248 3804 1345 3898 {Iam
1381 3805 1559 3855 pluribus
1600 3808 1841 3862 argumentis
1878 3807 2058 3860 deinceps
2099 3809 2304 3848 confirmat

1295 3865 1508 3901 ewtonus.

1174 3929 1273 3968 MS
