2540 4296
148 296 330 347 LmER
357 291 654 358 Tnn'rms]
731 289 1130 342 PRINCIPIA
1171 290 1782 346 MATHEMATICA.
2238 309 2268 352 9

145 435 357 488 variatio
382 434 453 484 ibi
479 434 642 502 major
666 432 731 483 sit
755 431 837 483 vel
860 431 1046 494 minor,
1074 432 1252 503 augeri
1270 432 1424 485 debet
1449 434 1529 486 vel
1554 434 1716 486 minui
1736 435 1877 487 sinus
1902 435 1988 488 ille
2014 456 2188 490 versus
2214 440 2268 490 in

146 526 327 580 eadem
351 524 563 575 ratione.

489 702 837 743 PROBLEMA.

202 814 263 851 Ex
288 810 560 863 hypothesibus
578 817 616 848 et
634 807 899 847 demonstratis
925 807 967 844 in
998 805 1178 855 Proposi-

145 866 250 904 tione
267 865 339 903 hac
361 864 529 902 XXVI.
549 875 739 912 exponere
756 863 942 899 rationem
961 859 1178 898 secundum

146 932 262 969 quam
280 918 545 956 describuntur
563 929 662 954 areae
684 917 716 955 C
736 915 772 952 T
798 916 830 953 P
853 916 889 952 A
908 921 1115 950 momenta.

200 971 389 1022 Designet
414 977 516 1008 recta
546 970 578 1007 C
603 970 638 1007 A
671 969 728 1020 (in
757 966 833 1005 2da.
854 966 996 1017 figura)
1025 974 1177 1013 tempus

142 1036 220 1073 quo
238 1036 347 1062 arcus
370 1024 402 1061 C
420 1024 457 1060 A
478 1022 714 1067 describitur,
735 1021 930 1070 erigantur
944 1032 1010 1068 per
1024 1018 1178 1068 singula

143 1084 286 1124 puncta
307 1077 341 1114 P
360 1084 473 1113 rectae
495 1076 529 1113 P
550 1076 594 1113 M
616 1074 949 1123 perpendiculares
967 1073 1005 1109 in
1029 1073 1061 1110 C
1081 1072 1177 1132 ‘¹³3³‘

143 1129 442 1177 proportionales
467 1128 657 1166 velocitati
683 1136 853 1175 tempore
884 1127 915 1163 C
944 1126 977 1163 P
1002 1137 1071 1185 per
1097 1137 1176 1161 vnn

145 1183 182 1219 E
205 1183 240 1219 L
259 1183 422 1233 genitae3
451 1194 519 1230 per
551 1195 596 1219 ea
627 1194 713 1230 quae
745 1181 786 1216 in
814 1179 887 1217 hac
911 1178 1175 1226 Prop0s1tione

129 1234 449 1281 ,demonstrantur
467 1233 767 1283 independenter
785 1234 832 1271 ab
851 1233 920 1278 his,
941 1232 1018 1268 illae
1037 1231 1175 1268 veloci-

142 1295 237 1325 tates
262 1288 305 1325 in
331 1287 485 1336 punctis
516 1288 551 1325 P
575 1286 683 1324 arcus
714 1287 746 1324 C
770 1286 804 1323 P
831 1293 921 1322 sunt
945 1292 989 1322 ut
1012 1284 1176 1332 trapezia

147 1340 180 1377 F
196 1340 237 1378 K
254 1342 285 1379 C
306 1342 343 1379 G
362 1340 705 1389 correspondentia,
722 1338 787 1376 illa
801 1338 889 1375 vero
904 1337 1068 1386 trapezia
1085 1344 1176 1373 sunt

120 1402 125 1407 ·
142 1400 188 1430 ut
206 1394 311 1431 sinus
328 1394 424 1431 versi
443 1393 645 1442 duplicatae
664 1392 853 1429 distantiae
871 1391 995 1428 Lunae
1014 1403 1036 1427 a
1054 1389 1174 1440 quad-

142 1446 269 1484 ratura
288 1444 473 1495 proxima,
494 1448 571 1483 sive
597 1453 642 1482 ut
668 1444 774 1481 sinus
793 1456 921 1481 versus
940 1442 1049 1481 arcus
1067 1442 1176 1491 dupli

148 1499 180 1536 C
204 1499 248 1545 P,
282 1502 345 1551 (ut
372 1512 462 1536 mox
483 1499 522 1535 in
541 1499 641 1536 notis
659 1496 928 1546 explicabitur)
959 1497 1055 1534 fiant
1082 1507 1176 1545 ergo

141 1551 219 1588 illoe
246 1552 575 1601 perpendiculares
606 1552 640 1589 P
672 1552 718 1588 M
749 1550 913 1601 aequales
942 1549 1043 1587 sinui
1068 1561 1176 1585 verso

141 1617 252 1643 arcus
277 1610 301 1642 2
324 1606 356 1643 C
381 1606 425 1651 P,
457 1605 594 1642 ultima
614 1604 935 1653 perpendicularis
969 1604 1005 1640 A
1029 1602 1073 1640 H
1104 1601 1175 1639 erit

146 1658 299 1707 ,equalis
316 1658 387 1706 ipsi
406 1658 592 1695 diametro
615 1659 652 1695 A
669 1658 719 1703 B,
739 1657 829 1706 quia
848 1664 904 1694 est
921 1655 1028 1693 sinus
1045 1667 1176 1692 versus

141 1709 251 1758 dupli
277 1710 524 1760 quadrantis3
553 1709 716 1747 ducatur
742 1722 858 1747 curva
892 1710 924 1746 C
956 1709 1003 1745 M
1034 1708 1078 1745 H
1107 1719 1175 1755 per

141 1763 315 1800 omnium
326 1763 700 1812 perpendicularium
718 1762 873 1800 vertices
883 1760 1080 1807 transiens,
1101 1759 1175 1797 du-

141 1822 250 1852 catur
268 1816 382 1853 etiam
406 1816 443 1853 A
459 1816 498 1853 R
515 1814 838 1864 perpendicularis
856 1814 906 1852 ad
927 1814 959 1852 C
980 1814 1030 1859 A,
1051 1815 1175 1864 sitque

146 1868 182 1905 A
202 1868 246 1905 H
265 1868 315 1905 ad
336 1869 374 1906 A
398 1869 436 1906 R
455 1875 500 1906 ut
518 1869 695 1906 velocitas
712 1866 851 1905 ultimo
869 1867 1053 1917 acquisita
1071 1867 1112 1903 in
1134 1867 1173 1903 A

142 1921 189 1958 ad
215 1921 452 1960 velocitatem
471 1920 703 1960 uniformem
722 1918 801 1972 qua
820 1921 937 1959 Luna
953 1920 1117 1959 ferretur
1142 1918 1174 1957 si

140 3006 199 3045 vis
218 3007 255 3045 E
277 3007 313 3045 L
331 3006 489 3046 omnino
508 3020 587 3048 non
605 3010 746 3060 ageret,
775 3010 1064 3061 absolvanturque
1085 3024 1171 3060 par-

140 3059 472 3112 allelogrammum
509 3062 548 3100 A
571 3062 611 3100 R
632 3063 668 3100 E
692 3063 737 3108 C,
775 3061 1037 3115 productaque
1067 3064 1172 3102 linea

143 3112 192 3150 M
214 3113 249 3151 P
267 3126 387 3163 usque
404 3113 453 3151 ad
471 3114 612 3152 lineam
636 3116 675 3152 R
696 3116 732 3153 E
752 3123 832 3154 tota
850 3116 952 3155 linea
981 3117 1003 3155 1
1024 3117 1073 3155 M
1099 3118 1172 3156 erit

140 3172 186 3202 ut
202 3165 378 3204 velocitas
397 3167 523 3204 Lunae
541 3175 711 3216 tempore
741 3169 773 3216 C
796 3169 842 3213 P,
872 3177 911 3207 et
936 3169 1052 3208 ducta
1070 3170 1172 3209 linea

139 3219 432 3267 quamproxima
445 3232 485 3256 m
497 3232 522 3268 p
536 3220 548 3257 i
563 3220 634 3257 erit
648 3233 735 3258 area
746 3221 796 3259 M
814 3222 849 3260 P
864 3221 886 3259 Ι
901 3234 941 3259 m
957 3235 981 3271 p
995 3221 1009 3259 i
1026 3231 1072 3261 ut
1084 3236 1172 3261 area

140 3269 327 3319 descripta
343 3278 512 3320 tempore
534 3272 568 3310 P
586 3285 624 3322 p,
645 3281 683 3311 et
700 3281 780 3312 tota
797 3287 882 3314 area
901 3275 940 3313 R
956 3275 993 3313 E
1010 3276 1042 3314 C.
1059 3276 1108 3314 M
1125 3277 1170 3314 H

66 3338 69 3341 *
139 3323 421 3369 repraesentabit
434 3332 553 3362 totam
571 3337 696 3364 aream
712 3333 883 3376 tempore
904 3328 936 3366 C
952 3328 990 3365 A
1005 3327 1172 3378 descrip-

140 3382 238 3421 tam;
260 3375 424 3427 denique
437 3384 585 3431 secetur
605 3379 644 3415 A
660 3378 704 3416 H
723 3379 763 3415 in
785 3381 823 3417 X
843 3388 881 3418 et
899 3380 1063 3418 ducatur
1076 3382 1118 3419 X
1133 3382 1170 3420 Y

140 3427 321 3475 parallela
342 3429 375 3466 C
398 3430 435 3467 A
453 3441 540 3478 quae
566 3438 667 3468 secet
684 3443 839 3469 curvam
871 3433 904 3471 C
924 3433 973 3471 M
994 3433 1039 3473 H
1067 3433 1106 3470 in
1138 3434 1169 3471 Z

140 3486 179 3516 et
197 3492 242 3516 ex
262 3488 405 3529 puncto
425 3481 457 3518 Z
476 3480 639 3520 dueatur
656 3483 832 3522 ordinata
861 3486 893 3522 Z
917 3486 968 3531 Q.
1027 3485 1171 3537 Liquet

139 3531 242 3581 quod
262 3533 292 3570 si
311 3540 499 3582 punctum
520 3534 562 3571 X
581 3534 633 3572 ita
651 3537 700 3574 sit
726 3545 967 3587 assumptum
985 3545 1031 3577 ut
1047 3536 1182 3587 parab

139 3583 434 3634 lelogxammum
463 3585 506 3623 X
530 3587 568 3624 R
589 3587 626 3624 E
647 3589 685 3626 Y
711 3588 760 3627 sit
786 3590 933 3640 aequale
959 3590 1173 3630 mixtilineo
1225 3601 1266 3626 m

142 3636 186 3676 H
213 3638 249 3675 A
274 3639 311 3676 R
332 3638 369 3676 E
394 3639 426 3677 C
447 3639 495 3676 M
518 3639 575 3685 H,
609 3640 681 3678 erit
711 3641 754 3678 X
778 3642 817 3680 R
847 3642 1025 3680 velocitas
1045 3644 1172 3681 Lunae

139 3688 351 3736 mediocris,
381 3698 420 3729 et
449 3692 481 3729 C
506 3692 547 3736 Q
570 3699 722 3741 tempus
738 3706 816 3744 quo
836 3695 953 3733 Luna
970 3709 994 3733 a
1010 3696 1172 3744 quadra-

138 3740 227 3780 tura
260 3744 429 3791 profecta
463 3743 513 3784 ad
548 3756 634 3782 eam
670 3744 908 3785 velocitatem
941 3747 1173 3787 mediocrem

140 3795 342 3842 perveniet,
377 3796 482 3847 quod
512 3796 670 3848 quidem
699 3809 747 3835 ex
775 3797 859 3847 ipsa
889 3801 1173 3840 constructione

1231 700 1361 750 liquet.
1419 702 1511 741 Jam
1529 710 1658 742 autem
1676 704 1762 743 dico
1775 706 1879 755 quod
1896 706 1993 744 illud
2012 716 2199 756 punctum
2222 710 2264 746 X

1230 753 1374 791 incidet
1391 754 1432 791 in
1450 756 1579 794 medio
1593 757 1705 795 lineae
1727 759 1762 794 A
1784 759 1841 805 H,
1861 759 1913 796 ita
1931 768 1976 797 ut
1990 762 2070 798 haec
2089 761 2266 799 velocitas

1230 806 1433 844 mediocris
1456 809 1491 845 X
1512 810 1552 846 R
1570 809 1618 846 sit
1635 809 1762 847 media
1774 812 2067 860 proportionalis
2085 814 2263 852 arithme-

1229 858 1306 896 tica
1324 859 1424 897 inter
1446 861 1485 898 R
1507 861 1544 898 A
1564 869 1601 899 et
1624 863 1663 900 R
1684 862 1728 900 H
1757 871 1795 901 et
1821 872 2001 912 praeterea
2019 866 2122 916 quod
2142 880 2263 915 punc-

1230 918 1317 948 tum
1340 913 1380 956 Q
1408 913 1519 951 cadet
1546 914 1588 951 in
1612 914 1741 953 medio
1758 915 1857 953 inter
1878 919 1916 954 A
1936 927 1974 955 et
1996 920 2041 964 C,
2069 922 2122 956 ita
2150 928 2192 957 ut
2219 934 2261 958 ea

1228 963 1402 1002 celeritas
1415 966 1617 1005 mediocris
1635 968 1677 1004 in
1694 975 1845 1006 octante
1859 971 2086 1017 obtineatur,
2110 972 2262 1023 (saltem

1229 1017 1262 1054 si
1293 1018 1466 1055 medium
1501 1019 1614 1057 arcfis
1643 1021 1772 1057 medio
1807 1023 1987 1070 temporis
2022 1025 2259 1072 respondeat,

1230 1070 1334 1120 quod
1352 1071 1525 1119 proxime
1543 1085 1677 1110 verum
1704 1080 1761 1111 est
1780 1073 1895 1123 juxta
1913 1083 2043 1113 notam
2075 1081 2148 1114 110
2167 1091 2261 1127 prae-

1228 1123 1460 1173 cedentem).

1285 1177 1341 1214 Ut
1369 1178 1586 1216 obtineatur
1615 1179 1745 1228 itaque
1776 1192 1863 1217 area
1896 1180 1940 1217 H
1963 1182 2002 1218 A
2025 1182 2056 1219 P
2078 1183 2109 1221 C
2134 1185 2177 1221 M
2201 1185 2259 1230 Η,

1228 1228 1377 1267 dicatur
1403 1243 1427 1266 v
1454 1244 1568 1268 arcus
1591 1231 1623 1269 C
1645 1232 1681 1270 P
1699 1239 1737 1269 et
1755 1231 1906 1270 dicatur
1932 1246 1972 1270 m
1990 1248 2013 1270 v
2041 1245 2142 1273 recta
2172 1238 2204 1275 C
2229 1239 2263 1275 P

1229 1294 1315 1331 quae
1333 1283 1438 1320 arcui
1462 1284 1494 1322 C
1516 1284 1552 1321 P
1579 1291 1636 1323 est
1652 1285 1946 1334 proportionalis
1976 1288 2126 1338 (saltem
2146 1303 2262 1339 quam

1229 1334 1401 1382 proxime
1421 1349 1487 1384 per
1506 1343 1584 1375 not.
1612 1337 1721 1386 110.)
1742 1345 1782 1375 et
1811 1338 1846 1375 P
1863 1351 1889 1386 p
1917 1338 1964 1375 sit
1991 1353 2030 1376 m
2050 1340 2074 1377 d
2094 1354 2126 1384 v,
2156 1344 2262 1380 sinus

1228 1395 1353 1425 rectus
1389 1389 1422 1426 P
1444 1389 1485 1426 K
1530 1402 1639 1427 arcus
1675 1390 1707 1428 C
1730 1390 1766 1428 P
1796 1391 1944 1429 dicatur
1971 1406 2007 1442 y,
2039 1394 2145 1432 sinus
2173 1396 2263 1434 vert)

1228 1441 1354 1479 totalis
1372 1442 1420 1480 sit
1438 1455 1468 1479 r.
1529 1443 1594 1480 Ex
1621 1443 1722 1481 notis
1744 1443 2045 1494 trigonometriae
2070 1447 2264 1496 principiis

2011 1503 2121 1548 ΞΠ

1229 1525 1337 1564 sinus
1366 1539 1496 1565 versus
1523 1526 1633 1576 dupli
1664 1527 1773 1566 arcus
1806 1527 1838 1566 C
1862 1529 1897 1567 P
1926 1539 1982 1568 est
2058 1577 2077 1601 r
2121 1560 2133 1579 ‚
2172 1545 2263 1584 ergo

1833 1619 1944 1664 ΞΠ

1882 1694 1902 1717 1'

1736 1737 1847 1794 Q
1865 1778 1906 1802 m
1925 1767 1952 1803 d
1971 1779 2005 1812 v,
2027 1766 2093 1804 sed
2107 1780 2153 1805 ex
2173 1761 2265 1805 'nota

1784 1811 1804 1836 r

1227 1858 1456 1907 proprietate
1474 1858 1608 1898 circuli
1637 1868 1694 1899 est
1723 1863 1775 1911 4!
1798 1874 1818 1898 r
1834 1874 1925 1951 rd—
1942 1876 1967 1912 y
1986 1876 2011 1912 y
2029 1862 2078 1900 ad
2096 1876 2116 1899 r
2133 1870 2178 1900 ut
2195 1863 2222 1901 d
2239 1877 2266 1914 y

1815 1926 1836 1951 Υ
1897 1927 1922 1962 y

1720 1989 2005 2039 «ΙΝ-Π

1636 2040 1895 2091 2myydy

1637 2112 1891 2163 «rr—w

1225 2159 1462 2198 elementum
1497 2172 1588 2198 cum
1624 2163 1815 2203 elemento
1846 2179 1945 2203 areae
1976 2164 2120 2207 circuli,
2158 2161 2266 2200 radio

1229 2212 1266 2250 Τ
1287 2212 1320 2250 C
1349 2211 1538 2261 descripti,
1568 2213 1718 2253 dicatur
1748 2218 1780 2256 C
1803 2218 1857 2265 K,
1887 2232 1919 2265 z,
1952 2218 1994 2255 K
2013 2218 2051 2263 k,
2081 2216 2107 2254 d
2125 2230 2156 2260 z,
2187 2215 2265 2253 ele-

1225 2272 1403 2302 mentum
1443 2265 1478 2302 P
1510 2278 1535 2313 p
1564 2266 1591 2303 k
1626 2267 1669 2306 K
1701 2278 1759 2308 est
1788 2284 1814 2322 y
1846 2271 1873 2310 d
1902 2284 1935 2317 z,
1966 2271 2033 2308 sed
2061 2277 2119 2307 est
2152 2269 2188 2306 T
2220 2268 2263 2306 K

1228 2328 2263 2386 usrb-ywadPK(wuquffly)fflqp

1227 2412 1587 2465 (dz)hincdz=
1694 2388 1810 2436 ydy

1228 1642 1402 1683 ordinata
1418 1645 1454 1683 P
1468 1646 1518 1684 M
1537 1644 1573 1683 ei
1591 1646 1748 1699 aequalis
1758 1653 1815 1684 est
1945 1675 1956 1694 ,
1973 1657 2012 1687 et
2025 1650 2263 1688 elementum

1227 1774 1325 1800 areae
1343 1761 1422 1799 sive
1442 1763 1490 1802 M
1512 1763 1548 1802 P
1565 1777 1644 1814 pm
1661 1771 1718 1802 est

1226 1941 1277 1980 ad
1295 1942 1321 1980 d
1339 1955 1375 1990 v,
1389 1951 1445 1982 est
1456 1955 1549 1996 ergo
1562 1943 1589 1983 d
1600 1957 1624 1983 v
1641 1960 1699 1982 =
2023 1947 2151 1998 itaque
2169 1961 2267 1986 areae

1226 2066 1463 2106 elementum
1481 2067 1609 2106 evadit
1921 2074 2140 2112 conferatur
2165 2071 2265 2109 illud

1916 2426 1954 2458 et
1968 2419 2203 2457 elementum
2221 2429 2262 2454 a·

1606 2466 1659 2513 «s
1684 2477 1703 2500 r
1721 2476 1741 2500 r
1754 2486 1807 2493 —
1824 2478 1849 2514 y
1867 2479 1893 2514 y

1227 2557 1302 2584 reae
1319 2546 1454 2586 circuli
1471 2548 1515 2587 fit
1537 2529 1672 2639 41ἶῖ
1690 2516 1714 2553 d
1734 2529 1777 2639 yy
1795 2603 1820 2639 y
1835 2553 1940 2601 quod
1955 2552 2192 2590 elementum
2206 2559 2262 2588 est

1226 2636 1276 2674 ad
1287 2637 1523 2677 elementum
1534 2643 1833 2690 correspondens
1843 2655 1941 2680 areae
1955 2644 1999 2680 H
2013 2644 2051 2680 A
2065 2643 2098 2679 P
2109 2643 2139 2680 C
2153 2643 2197 2679 M
2215 2642 2258 2678 H

1226 2695 1272 2727 ut
1302 2694 1318 2727 1
1350 2691 1400 2728 ad
1429 2696 1453 2728 2
1471 2704 1523 2738 m,
1553 2694 1643 2731 hinc
1661 2702 1741 2732 tota
1758 2696 1841 2732 haec
1859 2708 1944 2733 area
1973 2704 2030 2733 est
2056 2695 2104 2732 ad
2132 2707 2258 2732 aream

1225 2742 1446 2792 quadrantis
1468 2745 1503 2782 T
1525 2747 1557 2784 C
1580 2746 1616 2784 P
1636 2747 1675 2784 A
1703 2755 1748 2785 ut
1776 2752 1799 2784 2
1819 2761 1858 2784 m
1878 2750 1926 2786 ad
1948 2753 1982 2794 l,
2012 2748 2089 2785 sive
2107 2747 2137 2783 si
2157 2754 2262 2784 totus

1224 2807 1336 2832 arcus
1358 2796 1390 2834 C
1413 2797 1447 2834 P
1470 2797 1508 2834 A
1528 2798 1679 2837 dicatur
1705 2813 1725 2837 c
1753 2809 1790 2837 et
1817 2809 1919 2838 recta
1943 2803 1974 2839 C
1997 2801 2032 2839 P
2054 2802 2090 2838 A
2112 2799 2261 2837 dicatur

1224 2850 1491 2892 mc,areaH
1515 2852 1665 2890 APC
1688 2853 2038 2892 MHeritmrc.
2101 2852 2259 2901 Ergosi

1209 2900 1327 2938 *linea
1350 2903 1386 2939 A
1412 2903 1449 2940 R
1467 2916 1554 2953 quae
1572 2904 1746 2956 designat
1764 2907 2002 2944 velocitatem
2027 2906 2257 2944 uniformem

1226 2953 1367 3000 Lunae,
1386 2954 1478 2993 cum
1497 2957 1605 2995 nulla
1622 2958 1720 2997 foret
1738 2958 1795 2996 vis
1815 2961 1851 2997 E
1873 2960 1920 3004 L,
1950 2960 2099 2998 dicatur
2119 2960 2143 3004 l,
2173 2970 2260 2994 area

1230 3007 1268 3044 A
1292 3007 1915 3050 RECeritmlcettotaarea
1937 3010 2257 3050 HARECH

1225 3059 1296 3097 erit
1313 3073 1354 3097 m
1373 3060 1386 3097 l
1406 3074 1426 3099 c
1447 3063 1499 3115 4-
1521 3076 1561 3100 m
1580 3077 1599 3100 r
1617 3077 1650 3110 c,
1678 3064 1755 3102 sive
1774 3066 1929 3115 aequalis
1948 3065 2259 3114 parallelogram-

1224 3125 1290 3150 mo
1308 3114 1418 3164 cujus
1437 3128 1561 3153 unum
1580 3117 1680 3155 latus
1699 3118 1795 3156 foret
1812 3132 1851 3155 m
1872 3131 1905 3164 c,
1934 3119 2098 3156 altemm
2118 3119 2130 3154 1
2152 3118 2204 3169 -Ι-
2226 3129 2257 3162 r,

1224 3165 1292 3203 sed
1314 3167 1352 3203 R
1374 3167 1410 3204 E
1430 3180 1477 3205 ex
1496 3171 1777 3208 constructione
1796 3179 1852 3209 est
1870 3172 2026 3221 aequalis
2046 3185 2083 3207 m
2105 3184 2136 3216 c,
2167 3182 2258 3220 ergo

1224 3219 1258 3256 si
1288 3228 1462 3258 sumatur
1495 3222 1534 3259 R
1555 3223 1596 3260 X
1614 3239 1671 3259 =
1691 3223 1705 3260 l
1811 3237 1829 3260 r
1856 3224 2259 3274 parallelogrammum

1227 3269 1391 3309 XREZ
1405 3275 1475 3312 erit
1497 3276 1643 3326 aequale
1657 3276 1871 3314 mixtilineo
1888 3277 1931 3314 H
1947 3279 1983 3315 A
1998 3278 2034 3314 R
2047 3278 2081 3315 E
2095 3280 2125 3315 C
2139 3277 2184 3313 M
2199 3276 2255 3321 H,

1223 3323 1389 3374 ideoque
1417 3326 1488 3364 erit
1518 3328 1557 3365 R
1580 3329 1621 3366 X
1648 3329 1727 3366 sive
1756 3330 1768 3366 l
1880 3343 1900 3367 r
1925 3330 2104 3368 velocitas
2131 3330 2258 3366 Lunae

1224 3377 1437 3424 mediocris,
1465 3380 1532 3417 sed
1550 3389 1631 3418 erat
1653 3382 1690 3419 A
1713 3382 1756 3418 H
1775 3398 1832 3418 =
1854 3388 1877 3420 2
1896 3396 1927 3427 r,
1956 3381 2120 3432 ideoque
2152 3383 2190 3419 R
2212 3382 2255 3418 H

1222 3445 1279 3466 =
1299 3430 1313 3466 l
1333 3431 1385 3483 -1-
1408 3436 1432 3468 2
1451 3444 1470 3468 r
1496 3441 1554 3470 est
1579 3446 1671 3485 ergo
1701 3435 1740 3472 R
1764 3436 1803 3472 X
1833 3435 1939 3488 (14-
1960 3435 1996 3485 r)
2026 3435 2151 3472 media
2170 3447 2258 3482 pro·

1222 3484 1445 3531 portionalis
1472 3485 1709 3524 arithmetice
1740 3487 1839 3525 i'nter
1874 3489 1913 3526 R
1937 3489 1974 3525 A
2010 3487 2060 3540 (l)
2092 3496 2129 3525 et.
2153 3489 2191 3525 R
2213 3488 2256 3524 H

1227 3536 1333 3626 (1:1-
1358 3541 1382 3573 2
1400 3536 1451 3585 r),
1485 3551 1578 3589 ergo
1608 3540 1787 3578 velocitas
1815 3540 2016 3578 mediocris
2046 3540 2175 3578 Lunae
2203 3549 2260 3578 est

1268 3601 1286 3625 e
1316 3588 1352 3626 ia
1369 3591 1659 3638 proportionalis
1688 3592 1922 3631 arithmetice
1939 3593 2039 3631 inter
2057 3593 2259 3631 minimam

2118 3652 2141 3684 2
2159 3646 2211 3696 r).

1283 3694 1480 3738 Quoniam
1498 3695 1588 3735 vero
1607 3697 1780 3735 ordinata
1801 3699 1832 3735 Z
1849 3700 1957 3744 Q=
1974 3700 2012 3737 A
2031 3647 2148 3737 ἴε
2167 3712 2186 3736 ι·
2204 3706 2261 3737 est

1225 3750 1331 3786 sinus
1343 3760 1472 3786 versus
1486 3748 1596 3787 arcus
1610 3749 1718 3799 dupli
1735 3751 1767 3788 C
1783 3751 1829 3796 P,
1850 3760 1890 3790 et
1903 3760 1960 3790 est
1977 3765 1997 3789 r
2013 3752 2121 3790 sinus
2134 3765 2262 3791 versus

1226 3798 1334 3840 arcas
1352 3800 1625 3850 quadrantalis,
1655 3815 1748 3854 ergo
1775 3804 1816 3842 in
1844 3806 1918 3844 hoc
1936 3817 2027 3844 casu
2060 3806 2093 3845 C
2116 3806 2150 3844 P
2179 3805 2263 3857 ejus

1226 3640 1464 3680 velocitatem
1486 3643 1613 3681 Lunae
1633 3645 1684 3696 (l)
1704 3653 1742 3682 et
1760 3647 1967 3683 maximam
1988 3646 2020 3698 (l
