2540 4296
252 260 355 334 144

753 282 1324 338 PHILOSOPHIAE
1363 260 1818 344 NATURALIS
1873 293 1992 357 [DE
2014 294 2218 347 Mum).
2244 296 2399 349 εγω.

306 425 700 491 progrederetur
724 422 783 475 ed
807 424 998 492 semper
1022 442 1127 475 cum
1152 429 1413 477 velocitate
1437 446 1583 495 quam
1608 431 1755 482 habet
1782 434 1838 482 in
1863 434 2133 487 altitudine
2159 438 2260 504 ipsi
2295 437 2333 489 S
2354 437 2399 490 P

317 514 520 580 aequali,
548 512 842 565 describeret
864 515 1226 583 longitudinem
1250 519 1489 586 aequalem
1513 521 1709 574 chordae
1735 522 1785 575 A
1815 522 1877 576 C.

317 670 454 723 Nam
474 672 518 754 si
544 684 746 725 cometa
760 673 1046 739 velocitate,
1069 694 1225 746 quam
1305 705 1307 708 ⁴

240 758 399 812 habet
434 761 491 811 in
524 783 577 825 μ,
617 763 804 815 eodem
830 774 1066 834 tempore
1102 785 1225 835 pro-

236 851 544 921 grederetur
592 854 919 908 uniformiter
961 857 1017 913 in
1063 857 1219 922 recta,

237 960 356 1011 quae
415 944 719 1012 parabolam
782 947 950 1018 tangit
1021 947 1077 999 in
1147 967 1221 1009 μς

238 1030 301 1098 (g)
331 1050 468 1095 area,
509 1052 667 1103 quam
691 1034 840 1086 radio
865 1034 934 1086 ad
968 1045 1223 1104 punctum

238 1121 276 1173 S
302 1122 461 1174 ducto
486 1124 820 1190 describeret,
853 1127 1066 1195 aequalis
1091 1137 1225 1179 esset
1287 1181 1290 1184 ,

236 1227 372 1260 areae
445 1212 759 1279 parabolicae
828 1214 881 1264 A
945 1214 983 1266 S
1048 1213 1095 1265 C
1168 1235 1220 1276 μ.

234 1298 299 1368 (¹¹)
347 1290 582 1373 Ideoque
625 1314 928 1357 contentum
971 1305 1067 1357 sub
1106 1304 1222 1357 lon-

229 1393 466 1462 gitudine
505 1396 559 1446 in
594 1405 840 1468 tangente
874 1395 1135 1466 descripta
1172 1407 1225 1449 et

229 1481 557 1553 longitudine
596 1487 632 1538 S
668 1507 704 1545 ,ω
739 1496 876 1539 esset
908 1486 976 1538 ad
1007 1495 1221 1538 conten-

228 1582 343 1624 tum
383 1574 480 1625 sub
522 1575 939 1646 longitudinibus
982 1577 1036 1628 A
1083 1576 1129 1628 C
1169 1574 1222 1628 e't

233 1662 271 1714 S
300 1661 381 1726 Μ,
423 1673 481 1715 ut
517 1682 637 1715 area
673 1665 724 1716 A
754 1666 792 1718 S
821 1664 866 1718 C
889 1686 927 1726 μ
955 1665 1024 1716 ad
1060 1664 1221 1717 trian-

283 1821 339 1874 (ἕ)
372 1824 393 1846 *
416 1823 534 1868 Area,
563 1836 682 1873 quam
713 1824 830 1861 radio.
888 1824 1053 1861 Cometa
1083 1822 1283 1861 velocitate

226 1886 344 1924 quam
364 1876 479 1912 habet
499 1876 539 1911 in
567 1893 609 1924 μ,
639 1874 772 1913 relicta
790 1874 984 1924 parabola,
1014 1876 1283 1926 progrediatur

225 1928 473 1965 uniformiter
491 1928 532 1964 in
550 1926 654 1966 recta
672 1946 702 1978 μ,
725 1930 777 1974 Ω,
803 1942 891 1978 quae
918 1929 1137 1978 parabolam
1158 1930 1283 1979 tangit

225 1980 267 2017 in
285 1998 327 2030 μ,
358 1993 445 2018 area
477 1982 503 2018 S
529 1999 560 2030 μ
592 1982 644 2028 Ω,
674 1995 792 2032 quam
811 1982 919 2019 radio
937 1982 986 2020 ad
1013 1989 1206 2030 punctum
1238 1984 1278 2028 S,

224 2034 345 2071 ducto
364 2035 603 2080 describeret,
635 2034 794 2084 aequalis
811 2042 910 2073 esset
926 2048 1026 2072 areae
1052 2034 1280 2083 parabolicae

227 2087 267 2125 A
291 2088 318 2125 S
341 2088 372 2125 C
392 2105 436 2137 μ,
468 2100 585 2138 quam
605 2088 743 2125 eodem
761 2096 934 2136 tempore
952 2088 1142 2126 describit.
1204 2088 1279 2126 Su-

222 2147 382 2179 mantur
398 2141 504 2179 enim
523 2140 676 2179 lineolae
699 2141 732 2181 C
745 2154 779 2189 c,
799 2154 825 2193 q
837 2158 879 2192 μ,
900 2155 925 2181 a
941 2150 1092 2181 cometa
1108 2142 1277 2192 descrip-

219 3355 272 3387 tae
290 3355 328 3387 et
346 3362 370 3387 a
388 3349 578 3399 parabolae
604 3349 791 3388 umbilico
813 3351 851 3396 S,
880 3350 929 3389 ad
958 3357 1160 3402 tangentes
1191 3352 1223 3391 C
1243 3359 1271 3400 t,

221 3420 251 3452 μ
274 3404 321 3448 Τ,
343 3404 544 3454 erigantur
562 3403 897 3452 perpendiculares
918 3405 945 3443 S
964 3413 990 3449 t,
1015 3406 1042 3444 S
1064 3406 1112 3452 T,
1134 3406 1274 3444 veloci-

222 3463 281 3493 tas
299 3456 342 3493 in
365 3457 408 3501 C,
439 3465 497 3494 est
515 3456 566 3494 ad
586 3457 826 3495 velocitatem
853 3458 896 3494 in
922 3476 952 3507 μ
971 3466 1017 3497 ut
1038 3459 1065 3497 S
1087 3460 1124 3497 T
1141 3459 1188 3497 ad
1213 3459 1242 3497 S
1259 3466 1276 3497 t

224 3510 336 3560 (Cor.
364 3514 397 3547 1.
426 3510 540 3559 Prop.
563 3510 598 3548 Ι.
633 3510 724 3548 Lib.
749 3510 805 3559 Ι.)
835 3511 902 3548 sed
920 3512 1140 3550 velocitates
1162 3512 1205 3550 in
1226 3513 1273 3556 C,

222 3570 262 3599 et
281 3580 324 3611 μ,
341 3572 432 3601 sunt
446 3572 491 3601 ut
504 3564 626 3612 spatia
638 3563 774 3601 eodem
789 3572 962 3613 tempore
974 3578 1166 3614 percursa,
1181 3565 1277 3615 put&

227 3615 260 3653 C
281 3629 473 3666 cetqpq
504 3617 699 3667 estigitur
722 3617 754 3655 C
775 3617 1017 3668 cadpiqut
1039 3619 1185 3658 STad
1206 3620 1272 3658 St·

227 3669 359 3712 Quare
387 3669 629 3720 triangulum
661 3670 688 3708 S
714 3688 745 3719 μ
762 3684 799 3721 q,
830 3672 978 3720 aequale
999 3679 1056 3709 est
1079 3672 1278 3723 triangulo

227 3722 259 3758 C
277 3721 303 3758 S
319 3734 351 3758 c.
407 3723 520 3760 Istud
539 3733 671 3761 autem
692 3724 836 3774 ubique
850 3724 996 3762 obtinet
1015 3725 1056 3761 in
1074 3725 1280 3776 triangulis

223 3773 566 3815 minimis‚trilinea
590 3778 626 3813 A
646 3777 672 3814 S
692 3777 776 3825 Cp..
803 3777 830 3814 S
843 3794 873 3826 μ
889 3778 1273 3821 Qconstituentibus.

229 3827 336 3872 Quia
354 3827 444 3866 vero
464 3829 626 3878 aequalia
652 3829 907 3868 insumuntur
925 3838 1097 3878 tempora
1115 3831 1166 3870 ad
1192 3843 1280 3880 per-

222 3880 432 3919 currendas
463 3881 585 3920 lineas
607 3885 646 3920 A
666 3883 712 3930 C,
741 3900 772 3932 μ.
794 3884 835 3928 Ω
855 3885 921 3935 (ex
939 3884 1054 3934 hyp.)
1084 3897 1131 3922 ex
1150 3896 1280 3936 aequa-

1340 1821 1443 1858 libus
1488 1832 1652 1858 numero
1697 1819 1899 1871 triangulis
1944 1827 2231 1870 componuntur
2267 1822 2390 1871 spatia

1343 1875 1382 1911 A
1407 1874 1433 1912 S
1456 1874 1488 1912 C
1507 1891 1550 1923 μ,
1575 1874 1601 1911 S
1619 1891 1649 1922 μ
1671 1874 1712 1918 Ω
1728 1887 1772 1911 ac
1790 1874 1951 1922 proinde
1969 1875 2208 1924 triangulum
2232 1876 2258 1913 S
2279 1893 2311 1926 μ
2334 1876 2387 1923 Q,

1339 1928 1489 1977 aequale
1508 1935 1565 1965 est
1582 1939 1680 1964 areae
1698 1927 1936 1975 parabolicae,
1961 1928 1998 1965 A
2022 1930 2048 1966 S
2070 1929 2102 1966 C
2127 1945 2170 1977 μ.

1393 1980 1453 2033 (h)
1494 1983 1516 2004 ὓ
1561 1980 1736 2031 Ide6que.
1800 1981 1999 2024 Quoniam
2029 1989 2134 2018 recta
2164 1982 2190 2019 S
2222 1999 2266 2029 μ,
2296 1995 2387 2020 curn

1338 2040 1523 2084 tangente
1541 2033 1581 2070 in
1600 2050 1644 2082 μ,
1664 2040 1704 2070 et
1721 2033 1864 2071 chorda
1885 2035 1924 2071 A
1941 2034 1986 2078 C,
2007 2033 2174 2084 aequales
2191 2035 2390 2074 constituit

1337 2086 1504 2137 angulos
1524 2087 1658 2138 (Lem.
1677 2086 1754 2124 IV.
1778 2085 1826 2123 de
1844 2086 2019 2137 conicis),
2041 2087 2209 2136 spatium
2227 2096 2389 2126 conten-

1334 2148 1421 2178 tum
1433 2142 1505 2178 sub
1519 2138 1765 2190 longitudine
1779 2138 1968 2190 descripta
1983 2144 2023 2178 in
2035 2148 2219 2191 tangente
2233 2149 2271 2179 et
2284 2141 2389 2181 recta

1333 3247 1361 3287 S
1375 3265 1417 3299 μ,
1438 3247 1510 3286 erit
1529 3246 1579 3285 ad
1597 3245 1765 3295 spatium
1784 3253 2010 3284 contentum
2029 3247 2100 3285 sub
2116 3243 2258 3283 chorda
2276 3246 2313 3283 A
2334 3245 2380 3289 C,

1329 3309 1370 3340 et
1387 3301 1492 3340 recta
1523 3302 1550 3339 S
1580 3301 1641 3345 M,
1671 3307 1717 3337 ut
1736 3312 1824 3336 area
1847 3302 1883 3337 A
1909 3301 1936 3337 S
1960 3301 1991 3338 C
2010 3317 2053 3349 μ,
2074 3299 2122 3336 ad
2141 3299 2382 3350 triangulum

1333 3359 1373 3393 A
1396 3356 1423 3393 S
1447 3355 1492 3399 C,
1523 3354 1562 3391 id
1582 3361 1649 3397 est,
1679 3361 1725 3390 ut
1744 3352 1983 3402 triangulum
2016 3354 2042 3391 S
2065 3357 2102 3390 A
2128 3353 2159 3391 C
2182 3352 2234 3404 -†-
2257 3364 2379 3402 segm-

1329 3410 1460 3458 parab.
1491 3408 1523 3447 C
1547 3408 1583 3446 A
1606 3419 1627 3444 c
1646 3405 1696 3444 ad
1714 3405 1955 3455 triangulum
1987 3407 2014 3444 S
2036 3406 2075 3443 A
2107 3406 2153 3452 C,
2180 3405 2220 3443 id
2240 3413 2309 3451 est,
2338 3411 2385 3443 ut

1330 3494 1572 3547 triangulum
1587 3494 1615 3532 S
1627 3495 1666 3531 A
1682 3463 1827 3562 C·{··}
1843 3491 2192 3544 parallelogrammi
2210 3492 2288 3530 AG
2298 3492 2330 3530 F
2335 3466 2383 3536 C:

1332 3613 1383 3653 ad
1394 3613 1634 3667 triangulum
1653 3613 1691 3652 A
1709 3612 1736 3651 S
1751 3611 1797 3659 C,
1817 3612 1891 3649 hoc
1906 3620 1974 3659 est,
1992 3619 2036 3650 ut
2053 3613 2092 3650 A
2111 3612 2143 3651 C
2158 3615 2200 3658 ><
2218 3582 2270 3680 ὲ-
2287 3609 2314 3647 S
2330 3609 2381 3647 M

1335 3702 2113 3806 ÷Ac><-}150adAc><-}s
2141 3730 2203 3776 M,
2232 3724 2311 3767 siva.
2338 3733 2384 3764 ut

1338 3851 1510 3906 SM÷
1539 3823 1877 3924 -Ξ-ΙμειᾶδΜ.
1938 3849 2385 3900 8εᾶμΝ,5υῐηΡῑαεεῐ
