2540 4296
111 294 296 348 LIBER
322 290 618 354 Tnmms]
697 287 1095 341 PRINCIPIA
1136 287 1751 351 MATHEMATICA.

114 437 163 473 ab
181 434 249 472 illo
267 432 475 478 discedens,
509 432 563 470 ita
579 439 625 470 ut
643 431 726 482 ejus
756 436 885 469 motus
903 429 1046 468 assumi
1064 441 1151 479 pos-

113 489 163 526 sit
181 486 288 538 quasi
306 486 413 524 fieret
431 486 472 522 in
491 499 536 524 eo
556 485 709 523 circulo.

171 542 274 579 Nam
293 540 462 590 fingatur
493 552 579 575 eam
609 538 687 575 vim
718 544 937 575 extraneam
964 549 1041 573 non
1070 549 1151 574 esse

115 600 363 638 constantem,
385 591 451 629 sed
470 591 586 629 talem
605 598 659 636 ut,
689 597 775 639 post
791 589 1000 627 discessum
1019 601 1153 637 corpo-

114 646 167 683 ris
187 646 222 683 P
239 659 262 682 a
280 645 423 683 circulo
446 645 484 681 A
508 645 548 681 D
571 645 606 682 Β
631 644 662 681 C
682 650 834 691 propter
851 642 934 692 ejus
954 643 1008 679 vis
1027 644 1150 680 ext'ra-

115 710 198 736 neae
216 698 417 742 actionem,
439 697 633 734 residuum
651 696 705 733 vis
719 708 835 746 quam
851 704 1000 732 exercet
1015 708 1153 744 corpus

118 752 155 790 T
172 751 214 788 in
233 749 413 788 distantia
431 750 480 787 ad
498 762 612 799 quam
632 750 710 786 abit
728 760 866 796 corpus
901 748 935 785 P
967 747 1154 800 (detracta

115 802 162 842 ea
194 804 231 841 vi
263 803 460 851 extranea)
494 803 542 840 sit
570 814 719 850 semper
737 800 885 839 inverse
904 810 948 838 ut
967 802 1055 839 cubi
1076 801 1153 838 dis-

113 857 334 903 tantiarum,
365 852 512 894 eveniet
542 862 587 892 ut
618 856 703 905 (per
726 855 840 902 Prop.
868 854 949 891 IX.
987 854 1073 892 Lib.
1113 854 1148 892 I.

117 905 308 959 Princip-)
337 921 474 957 corpus
505 908 536 944 P
565 907 742 956 spiralem
762 907 1067 957 logarithmYcam
1087 907 1153 945 de-

113 964 262 1009 scribat,
283 962 323 999 in
342 961 421 1011 qua
438 961 605 1011 angulus
620 973 746 998 curvae
765 972 855 997 cum
874 961 981 998 radio
999 960 1047 998 ad
1066 973 1153 998 cur-

112 1028 201 1054 vam
218 1015 336 1053 ducto
354 1026 503 1062 semper
521 1022 652 1050 manet
669 1013 795 1059 idem3
816 1012 948 1050 verum
968 1014 1153 1064 quoniam

110 1071 159 1108 ab
186 1067 295 1105 initio
326 1067 383 1105 vis
414 1067 481 1104 illa
513 1075 691 1104 extranea
709 1065 784 1103 fuit
812 1074 1000 1112 constans,
1035 1067 1155 1117 liquet

110 1120 214 1173 quod
232 1121 455 1170 priusquam
474 1132 612 1168 corpus
634 1119 668 1157 P
687 1119 875 1156 circulum
897 1133 920 1157 a
939 1119 964 1157 d
983 1121 1008 1158 b
1027 1132 1047 1157 c
1065 1120 1152 1157 atti-

109 1175 219 1226 gerit,
236 1187 281 1211 ea
293 1173 348 1210 vis
359 1173 447 1222 plus
460 1174 712 1210 imminuebat
723 1172 800 1208 vim
815 1172 1020 1210 centralem
1035 1171 1152 1222 quam

109 1235 157 1265 ut
175 1227 366 1265 decrescat
393 1225 609 1264 secundum
628 1227 745 1268 cubos
763 1225 1032 1263 distantiarum
1059 1239 1151 1263 auc-

109 1287 250 1325 tarum,
272 1277 436 1329 ideoque
451 1278 554 1329 quod
568 1278 702 1329 anguli
722 1290 849 1315 curvae
868 1291 958 1315 cum
976 1278 1084 1316 radio
1102 1279 1152 1317 ad

111 1345 268 1370 curvam
297 1332 414 1369 ducto
445 1344 594 1380 semper
625 1343 793 1368 crescere
825 1330 1051 1376 debuerunt,
1084 1332 1152 1370 sed

111 1385 349 1424 incremento
367 1394 552 1433 perpetuo
580 1383 730 1420 minore
748 1396 827 1433 quo
854 1384 979 1435 magis
1005 1385 1153 1423 accedit

110 1438 251 1478 virium
264 1436 565 1477 decrescentium
576 1436 674 1475 ratio
693 1436 743 1474 ad
760 1436 946 1475 rationem
961 1437 1151 1477 inversam

106 2613 196 2653 cubi
221 2614 510 2662 distantiarum3
537 2615 735 2664 perveniet
753 2627 846 2666 ergo
872 2628 1011 2665 corpus
1041 2616 1076 2654 P
1103 2616 1154 2655 ad

105 2667 297 2706 circulum
329 2680 352 2706 a
369 2668 396 2706 d
413 2669 439 2707 b
457 2680 491 2712 c,
521 2676 561 2706 et
589 2668 758 2718 angulus
776 2681 903 2707 curvae
922 2682 1012 2707 cum
1031 2669 1152 2717 radio,

105 2720 261 2770 quando
275 2721 311 2759 P
325 2720 395 2760 erit
412 2722 455 2759 in
472 2721 617 2759 circulo
634 2734 657 2758 a
676 2721 702 2759 d
719 2723 745 2760 b
764 2735 797 2768 c,
818 2722 889 2759 erit
901 2730 1004 2760 recto
1015 2723 1149 2773 major,

104 2773 196 2823 quia
209 2786 360 2823 semper
371 2774 492 2812 crevit
509 2774 542 2812 is
560 2774 730 2825 angulus
748 2788 770 2812 a
789 2783 961 2823 tempore
972 2788 1050 2825 quo
1068 2788 1152 2813 cor-

103 2838 179 2874 pus
207 2827 244 2865 P
270 2827 462 2865 circulum
493 2828 531 2865 A
556 2828 597 2866 D
624 2828 657 2865 B
681 2828 713 2866 C
743 2828 979 2867 describebat
1005 2829 1047 2866 in
1073 2842 1152 2879 quo

103 2879 273 2930 angulus
292 2880 388 2918 radii
402 2893 493 2918 cum
512 2879 630 2919 curva
643 2887 770 2919 rectus
789 2888 867 2927 est;
888 2882 975 2919 ideo
997 2882 1033 2919 P
1051 2882 1153 2920 ultra

104 2931 293 2970 circulum
325 2947 349 2971 a
379 2933 407 2970 d
436 2935 463 2972 b
491 2946 513 2971 c
541 2942 701 2984 perget3
732 2933 823 2972 cum
842 2942 973 2972 autem
997 2935 1031 2973 P
1050 2936 1153 2974 ultra

104 2984 296 3024 circulum
322 2999 344 3024 a
373 2986 398 3024 d
424 2989 451 3024 b
478 2999 499 3025 c
527 2987 752 3036 pervenerit,
774 2987 958 3025 detractio
976 2988 1031 3025 vis
1058 3001 1150 3026 con-

104 3039 238 3076 stantis
270 3038 348 3075 vim
378 3039 587 3077 centralem
618 3041 750 3077 minus
776 3041 928 3078 minuet
946 3040 1064 3091 quam
1093 3056 1151 3079 se-

104 3091 279 3129 cundum
315 3094 459 3130 cubum
486 3092 760 3130 distantiarum
776 3109 788 3141 ;
818 3094 948 3145 itaque
984 3096 1153 3145 angulus

105 3155 234 3181 curvae
253 3156 342 3182 cum
357 3145 465 3182 radio
476 3146 604 3184 minor
618 3146 684 3183 fiet
697 3146 815 3196 quam
834 3147 865 3184 si
885 3148 1153 3198 logarithmica

103 3196 253 3244 spiralis
282 3197 568 3243 describeretur,
603 3207 643 3237 et
673 3199 831 3237 tandem
860 3201 1066 3239 reducetur
1101 3201 1151 3239 ad

103 3250 295 3300 angulum
313 3258 463 3289 rectum
481 3251 585 3289 ultra
603 3251 793 3290 circulum
822 3266 845 3290 a
877 3253 904 3290 d
936 3255 961 3291 b
991 3267 1024 3300 c,
1059 3254 1154 3293 inde

104 3301 195 3340 vero
224 3315 340 3341 curva
365 3316 457 3342 cum
487 3304 595 3342 radio
613 3305 729 3343 faciet
759 3306 950 3357 angulum
977 3315 1149 3354 acutum,

104 3366 197 3393 nam
214 3356 272 3393 vis
290 3356 469 3394 centralis
483 3357 563 3395 illic
577 3358 701 3409 major
714 3365 771 3396 est
783 3358 900 3409 quam
920 3367 965 3397 ut
983 3360 1151 3398 circulus

105 3406 265 3447 describi
281 3407 411 3458 possit,
426 3409 531 3460 quod
546 3411 599 3448 sic
618 3411 871 3449 demonstrari
886 3420 1032 3460 potest;
1053 3426 1150 3451 areae

106 3460 316 3511 aequalibus
334 3462 571 3510 temporibus
585 3462 784 3513 descriptae
795 3464 960 3504 durante
977 3473 1058 3504 toto
1076 3467 1150 3504 hoc

105 3515 274 3563 corporis
304 3514 339 3552 Ρ
367 3522 477 3553 motu
496 3524 589 3554 sunt
607 3517 750 3566 ubique
769 3519 947 3568 aequales,
967 3519 1150 3569 quoniam

103 3566 204 3604 vires
235 3567 285 3605 ad
312 3574 490 3605 centrum
521 3569 557 3607 T
586 3577 804 3608 constanter
831 3571 1053 3621 diriguntur
1085 3574 1150 3623 (ex

107 3619 242 3671 Hyp.)
263 3618 429 3670 ideoque
446 3621 488 3658 in
507 3633 553 3658 eo
570 3621 658 3660 loco
673 3623 777 3661 ultra
794 3623 984 3661 circulum
1002 3638 1025 3662 a
1043 3624 1068 3662 d
1087 3627 1112 3663 b
1131 3637 1152 3663 c

104 3672 148 3710 in
165 3686 243 3723 quo
261 3676 430 3724 angulus
448 3686 576 3711 curvae
594 3687 685 3712 cum
696 3676 804 3714 radio
821 3676 866 3714 fit
883 3686 1020 3722 rectus,
1042 3690 1153 3715 arcus

106 3725 197 3765 dato
216 3735 388 3775 tempore
406 3726 619 3775 descriptus
636 3728 735 3765 foret
753 3730 833 3777 ipsa
851 3730 951 3767 basis
969 3743 1068 3768 areae
1086 3730 1152 3768 de-

107 3779 258 3828 scriptae
285 3780 397 3831 cujus
414 3780 579 3818 altitudo
605 3787 663 3818 est
688 3780 871 3820 distantia
888 3796 911 3820 a
929 3791 1061 3821 centro
1085 3796 1154 3822 seu

107 3832 188 3880 ipse
204 3832 347 3879 radius,
376 3840 416 3870 et
441 3833 474 3871 is
501 3845 612 3871 arcus
630 3833 742 3873 debet
769 3847 850 3872 esse
869 3835 917 3873 ad
936 3849 1068 3874 arcum
1087 3836 1154 3886 qui

109 3884 245 3924 eodem
264 3893 435 3936 tempore
462 3885 676 3936 descriptus
693 3886 827 3926 fuisset
845 3902 869 3927 a
888 3901 1044 3938 corpore
1072 3890 1104 3927 Ρ
1123 3889 1154 3926 si

2181 297 2249 342 65

1202 430 1245 467 in
1262 429 1408 467 circulo
1430 432 1467 468 A
1488 430 1528 468 D
1548 430 1582 468 B
1603 430 1635 469 C
1655 428 1799 467 moveri
1817 437 2101 478 perseverasset,
2123 431 2250 468 nulla-

1203 496 1279 533 que
1309 483 1366 520 vis
1396 491 1574 520 extranea
1610 483 1826 521 accessisset
1861 481 2012 521 inverse
2048 491 2093 521 ut
2124 484 2218 521 radii
2236 499 2248 531 ς

1202 536 1351 586 sagittae
1370 544 1500 574 autem
1528 549 1663 574 eorum
1683 548 1843 574 arcuum
1864 537 1969 586 (quae
1991 544 2082 573 sunt
2100 549 2250 585 semper

1202 597 1246 626 ut
1281 589 1467 638 quadrata
1496 602 1657 626 arcuum
1690 589 1810 626 divisa
1842 602 1909 636 per
1941 589 2084 638 radios)
2123 590 2250 628 forent

1203 641 1349 679 inverse
1372 653 1414 678 ut
1432 642 1521 679 cubi
1550 643 1758 688 radiorum,
1789 643 1854 678 sed
1876 642 1931 678 vis
1950 643 2127 680 centralis
2148 644 2250 681 ultra

1204 695 1392 732 circulum
1422 707 1444 730 a
1463 695 1487 731 d
1508 697 1531 732 b
1551 708 1583 738 c,
1614 695 1743 731 minus
1763 695 1945 732 decrescit
1963 694 2081 745 quam
2111 709 2248 733 secun-

1204 747 1300 785 dum
1337 749 1482 785 cubum
1516 747 1795 791 distantiarum,
1836 761 1928 797 ergo
1965 749 2103 798 sagitta
2138 749 2248 787 arcus

1202 800 1379 849 descripti
1394 814 1481 849 quae
1500 809 1556 838 est
1570 802 1656 851 ejus
1672 801 1727 837 vis
1745 803 1922 839 centralis
1935 802 2105 848 effectus,
2126 805 2248 855 major

1202 862 1258 891 est
1285 852 1424 904 sagitta
1441 866 1529 902 quae
1556 854 1655 891 foret
1673 854 1887 892 secundum
1916 855 2102 893 rationem
2122 856 2245 893 inver-

1202 919 1284 944 sam
1311 908 1399 944 cubi
1417 905 1695 950 distantiarum,
1727 919 1819 958 ergo
1837 920 1883 945 ea
1900 909 2039 958 sagitta
2066 922 2153 959 quae
2181 923 2247 957 per

1202 960 1279 996 vim
1307 959 1515 997 centralem
1547 959 1784 1008 producitur,
1816 961 1942 1011 major
1974 970 2029 999 est
2061 961 2129 999 illa
2160 975 2248 1013 quae

1201 1013 1437 1051 obtineretur
1464 1013 1495 1050 si
1523 1012 1691 1050 circulus
1708 1012 1750 1049 in
1769 1025 1815 1050 eo
1834 1013 1920 1051 loco
1947 1014 2245 1063 describeretur;

1201 1079 1294 1117 ergo
1313 1079 1451 1115 corpus
1483 1066 1516 1103 Ρ
1543 1079 1566 1103 a
1594 1073 1776 1116 tangente
1794 1067 1918 1117 magis
1937 1067 2095 1106 discedit
2119 1082 2248 1107 versus

1201 1128 1376 1157 centrum
1395 1118 1512 1170 quam
1531 1119 1562 1155 si
1580 1119 1770 1157 circulum
1789 1119 2028 1173 describeret,
2056 1135 2147 1172 ergo
2166 1123 2249 1173 ejus

1201 1172 1262 1210 via
1294 1181 1451 1213 acutum
1470 1172 1661 1223 angulum
1682 1185 1773 1210 cum
1792 1172 1900 1210 radio
1931 1174 2080 1212 efficere
2098 1175 2245 1224 incipit,

1201 1225 1331 1276 sicque
1349 1226 1494 1264 accedit
1509 1227 1647 1263 iterum
1667 1225 1718 1263 ad
1731 1226 1922 1263 circulum
1941 1240 1964 1264 a
1977 1227 2004 1264 d
2015 1229 2041 1264 b
2056 1240 2076 1265 c
2095 1229 2249 1279 angulis

1201 1291 1328 1317 curvae
1348 1291 1436 1316 cum
1466 1279 1572 1317 radio
1591 1287 1777 1328 perpetuo
1796 1278 2127 1328 decrescentibus;
2156 1281 2248 1319 cum

1201 1340 1331 1370 autem
1364 1332 1466 1370 infra
1497 1345 1588 1370 eum
1620 1332 1809 1370 circulum
1839 1333 2052 1371 transiverit
2080 1336 2250 1385 angulus

1201 1398 1318 1435 quem
1346 1385 1439 1424 facit
1470 1399 1588 1423 curva
1619 1398 1709 1423 cum
1739 1385 1857 1428 radio,
1896 1386 2037 1424 iterum
2070 1396 2247 1438 augetur,

1201 1439 1325 1477 donec
1356 1439 1388 1476 is
1420 1440 1588 1490 angulus
1617 1447 1744 1476 rectus
1763 1439 1908 1484 evadat,
1940 1439 2031 1477 inde
2066 1440 2156 1479 verb
2184 1442 2251 1480 fiet

1201 1495 1361 1530 obtusus
1375 1493 1466 1542 quia
1483 1493 1538 1529 vis
1558 1492 1735 1530 centralis
1754 1492 1834 1530 illic
1849 1493 1974 1530 minor
1993 1501 2050 1531 est
2067 1493 2187 1544 quam
2205 1503 2251 1533 ut

1202 1558 1342 1595 corpus
1371 1547 1406 1583 P
1433 1547 1472 1582 in
1501 1546 1646 1584 circulo
1673 1546 1818 1583 moveri
1845 1554 2001 1597 pergat;
2031 1548 2130 1585 redit
2158 1561 2251 1598 ergo

1202 1611 1341 1647 corpus
1364 1599 1398 1637 P
1416 1611 1547 1637 versus
1562 1598 1751 1637 circulum
1765 1612 1788 1637 a
1807 1598 1833 1636 d
1853 1602 1875 1636 b
1895 1613 1916 1637 c
1934 1599 2050 1649 idque
2064 1600 2252 1649 perpetua

1202 1652 1450 1699 oscillatione,
1479 1661 1526 1691 ut
1548 1652 1669 1702 liquet
1688 1664 1734 1689 ex
1754 1652 1958 1690 collatione
1987 1653 2115 1691 motus
2132 1667 2251 1705 quem

1202 1706 1360 1743 haberet
1387 1706 1429 1743 in
1461 1703 1730 1757 logarithmica
1747 1705 1874 1754 spirali
1908 1719 1999 1743 cum
2018 1708 2091 1744 hoc
2110 1716 2245 1747 motu:

1203 1758 1270 1796 sed
1288 1757 1367 1809 qud
1384 1759 1512 1797 minor
1540 1765 1597 1797 est
1628 1759 1685 1795 vis
1702 1758 1770 1796 illa
1788 1759 1877 1796 data
1894 1772 1982 1809 quae
2013 1772 2059 1797 ex
2090 1762 2250 1799 centrali

1202 1811 1427 1859 detrahitur,
1456 1810 1503 1851 e&
1522 1811 1600 1849 illae
1619 1811 1777 1849 alternae
1796 1812 2055 1850 oscillationes
2072 1814 2202 1852 minus
2228 1828 2252 1852 a

1202 1864 1347 1903 circulo
1374 1878 1397 1902 a
1416 1864 1439 1902 d
1459 1868 1485 1904 b
1504 1878 1525 1903 c
1553 1864 1744 1912 recedent,
1776 1878 1894 1915 quare
1913 1865 1944 1901 si
1964 1866 2021 1903 vis
2047 1879 2092 1903 ea
2110 1868 2252 1918 exigua

1202 1926 1441 1967 supponatur
1476 1926 1652 1967 respectu
1689 1918 1744 1955 vis
1780 1918 1956 1956 centralis
1993 1920 2161 1968 corporis
2200 1922 2249 1967 T,

1204 1972 1368 2021 supponi
1389 1972 1503 2010 etiam
1523 1979 1648 2020 potest
1666 1979 1818 2009 motum
1845 1971 2013 2021 corporis
2043 1973 2079 2011 P
2108 1974 2149 2010 in
2176 1974 2252 2012 cir-

1203 2025 1293 2063 culo
1312 2039 1335 2063 a
1354 2026 1379 2063 d
1397 2028 1422 2063 b
1442 2039 1462 2062 c
1483 2026 1560 2062 fiet.
1624 2026 1677 2070 Q.
1702 2039 1733 2063 e.
1758 2025 1796 2062 d.

1260 2083 1341 2118 Cor.
1370 2084 1402 2116 l.
1466 2079 1506 2117 Si
1534 2078 1590 2115 vis
1610 2078 1678 2116 illa
1696 2087 1875 2116 extranea
1903 2085 1941 2116 et.
1968 2086 2147 2118 constans
2166 2094 2251 2129 per-

1203 2140 1321 2182 petuo
1340 2134 1506 2170 traheret
1524 2144 1662 2180 corpus
1684 2132 1719 2169 P
1739 2145 1869 2169 versus
1900 2132 1948 2178 T,
1977 2133 2113 2171 iisdem
2134 2147 2252 2185 argu-

1203 2186 1345 2223 mentis
1373 2186 1596 2224 ostendetur
1624 2185 1729 2235 quod
1757 2185 1790 2222 si
1820 2184 2056 2223 describatur
2083 2187 2253 2226 circulus

1202 2239 1362 2277 interior
1380 2256 1404 2278 a
1424 2238 1442 2277 δ
1460 2244 1485 2285 β
1506 2257 1542 2284 κ,
1571 2238 1612 2275 in
1640 2239 1708 2276 tali
1727 2237 1909 2276 distantia
1927 2251 1950 2275 a
1970 2247 2101 2277 centro
2131 2241 2178 2286 T,
2208 2249 2254 2279 ut

1203 2293 1260 2330 vis
1278 2294 1445 2341 corporis
1477 2293 1512 2330 T
1539 2291 1588 2329 ad
1607 2305 1693 2329 eam
1711 2292 1930 2330 distantiam
1955 2301 2069 2330 aucta
2087 2306 2155 2342 per
2174 2295 2251 2331 vim

1203 2346 1311 2384 illam
1331 2354 1551 2384 extraneam
1571 2345 1619 2382 sit
1638 2345 1686 2383 ad
1706 2346 1783 2383 vim
1803 2345 1844 2382 in
1864 2345 2008 2383 circulo
2032 2348 2069 2383 A
2095 2347 2135 2385 D
2159 2348 2193 2385 B
2218 2349 2250 2386 C

1203 2400 1353 2437 inverse
1371 2409 1417 2438 ut
1435 2399 1524 2437 cubi
1542 2398 1739 2436 radiorum
1760 2398 1994 2436 circulorum
2018 2400 2054 2437 A
2079 2401 2120 2439 D
2144 2402 2178 2438 B
2204 2402 2250 2449 C,

1203 2470 1229 2491 α
1248 2452 1267 2491 δ
1285 2458 1310 2498 β
1331 2471 1368 2499 κ,
1397 2466 1536 2502 corpus
1560 2453 1592 2490 P
1611 2452 1701 2490 hinc
1719 2452 1811 2489 inde
1831 2452 1884 2489 cis
1903 2453 2043 2492 citrave
2062 2454 2252 2492 circulum

1204 2522 1230 2544 οι
1249 2505 1268 2544 δ
1285 2510 1311 2552 β
1330 2524 1354 2545 κ
1373 2506 1579 2551 oscillatur,
1602 2513 1639 2543 et
1657 2506 1690 2542 si
1709 2518 1754 2543 ea
1772 2505 1828 2544 vis
1843 2515 2021 2545 extranea
2037 2508 2084 2545 sit
2098 2509 2250 2558 exigua,

1203 2560 1348 2597 censeri
1366 2568 1491 2609 potest
1517 2559 1622 2610 quod
1640 2572 1779 2609 corpus
1811 2560 1845 2597 P
1872 2561 1913 2597 in
1932 2573 1979 2597 eo
1997 2561 2081 2609 ipso
2109 2562 2253 2599 circulo

1203 2629 1229 2651 α
1247 2612 1266 2650 δ
1282 2618 1308 2659 β
1328 2631 1352 2651 κ
1369 2614 1597 2651 movebitur.

1260 2669 1341 2704 Cor.
1368 2671 1403 2703 2.
1466 2667 1521 2704 Et
1548 2668 1579 2704 si
1608 2666 1664 2703 vis
1682 2665 1750 2704 illa
1768 2673 1949 2704 extranea
1967 2675 2146 2705 constans
2172 2681 2253 2706 non

1203 2719 1315 2765 foret,
1332 2720 1398 2757 sed
1413 2727 1595 2757 cresceret
1609 2719 1826 2757 secundum
1841 2719 2011 2769 aliquam
2024 2721 2252 2772 dignitatem

1204 2772 1403 2821 positivam
1423 2773 1703 2818 distantiarum,
1725 2772 1860 2809 iisdem
1873 2773 2033 2811 omnino
2045 2775 2254 2812 ratiociniis

1205 2826 1356 2864 ostendi
1375 2833 1501 2874 posset
1519 2825 1622 2876 quod
1642 2838 1783 2875 corpus
1805 2825 1840 2863 P
1867 2826 1909 2862 in
1928 2827 2073 2864 circulo
2100 2841 2124 2865 a
2141 2828 2168 2865 d
2186 2829 2211 2866 b
2231 2842 2252 2866 c

1203 2880 1265 2917 vel
1295 2897 1320 2916 a
1360 2876 1422 2926 δβ
1457 2896 1481 2917 κ
1510 2879 1738 2921 movebitur,
1773 2879 1923 2917 eveniet
1941 2880 2189 2919 solummodo
2209 2890 2254 2919 ut

1203 2931 1334 2970 radius
1366 2933 1402 2970 T
1433 2945 1458 2980 p
1491 2933 1653 2981 paulum
1674 2931 1845 2969 diversus
1864 2933 1965 2970 sumi
1985 2933 2121 2971 debeat
2140 2936 2187 2972 ab
2206 2947 2253 2972 eo

1204 2985 1270 3036 qui
1289 2985 1525 3022 inveniretur
1545 2987 1576 3023 si
1601 2986 1656 3022 vis
1676 2998 1722 3022 ea
1740 2993 1922 3023 extranea
1941 2995 2119 3024 constans
2138 2987 2248 3025 foret.

1258 3041 1379 3078 Sclzol.
1442 3038 1544 3076 Aliis
1561 3039 1752 3076 methodis
1778 3039 1958 3077 effectum
1979 3039 2085 3078 illius
2103 3041 2159 3077 vis
2186 3053 2253 3078 ex-

1204 3099 1348 3130 traneae
1368 3091 1418 3129 ad
1437 3091 1607 3130 calculos
1624 3092 1794 3130 revocari
1813 3105 1922 3140 posse
1941 3105 2019 3130 non
2049 3106 2251 3144 negamuS‚

1205 3154 1244 3182 et
1262 3146 1419 3195 quidem
1444 3158 1565 3184 unam
1582 3153 1650 3183 aut
1668 3145 1828 3182 alteram
1847 3146 2076 3184 methodum
2103 3149 2152 3185 ab
2178 3145 2254 3185 hac

1205 3198 1394 3236 diversam
1414 3198 1596 3237 eumdem
1614 3197 1655 3236 in
1674 3198 1792 3236 finem
1819 3198 1862 3237 in
1889 3201 2137 3250 sequentibus
2163 3212 2252 3250 pro-

1204 3264 1407 3300 ponemus.

1565 3413 1794 3452 THEOR.
1827 3413 1888 3452 11.

1263 3517 1404 3557 Positis
1423 3518 1469 3555 iis
1487 3531 1575 3568 quae
1604 3519 1645 3556 in
1676 3519 1801 3568 primo
1831 3519 2086 3557 Theoremate
2113 3533 2254 3570 suppo-

1207 3580 1368 3616 nuntur,
1389 3572 1539 3609 dicatur
1566 3585 1585 3608 r
1612 3571 1744 3609 radius
1762 3572 1897 3610 circuli
1919 3574 1957 3611 A
1982 3573 2022 3610 D
2044 3573 2080 3611 B
2104 3574 2149 3618 C,
2171 3574 2219 3611 sit
2237 3592 2256 3628 ς

1206 3624 1337 3662 radius
1350 3623 1485 3662 circuli
1503 3637 1526 3662 a
1543 3624 1569 3662 d
1586 3626 1613 3663 b
1631 3638 1665 3671 c,
1686 3625 1748 3663 vel
1766 3643 1791 3662 α
1810 3624 1828 3663 δ
1846 3630 1872 3671 β
1893 3643 1929 3671 κ,
1950 3625 1998 3664 sit
2016 3639 2041 3675 p
2059 3627 2256 3665 radiorum

1206 3690 1227 3714 r
1254 3688 1291 3715 et
1319 3695 1337 3730 ρ
1368 3677 1609 3723 differentia;
1640 3678 1696 3725 vis
1723 3679 1892 3726 corporis
1914 3679 1950 3717 T
1968 3679 2010 3716 in
2029 3679 2211 3718 distantia
2237 3692 2257 3717 r

1208 3730 1360 3768 dicatur
1382 3731 1418 3767 V
1438 3738 1476 3768 et
1494 3730 1534 3766 in
1554 3730 1689 3768 eadem
1709 3729 1889 3769 distantia
1917 3733 1972 3770 vis
2000 3742 2180 3771 extranea
2198 3733 2256 3770 di-

1209 3791 1318 3821 catur
1341 3783 1375 3820 Y
1394 3796 1482 3834 quae
1501 3790 1646 3821 crescat
1673 3791 1717 3821 ut
1743 3784 1934 3822 distantiae
1961 3799 1985 3823 a
2010 3795 2142 3824 centro
2165 3787 2201 3824 T
2220 3796 2259 3824 ct

1208 3850 1296 3886 quae
1316 3837 1477 3885 positiva
1503 3844 1702 3875 censeatur
1732 3837 1761 3874 si
1794 3837 1978 3876 distrahat
1995 3851 2134 3888 corpus
2168 3840 2203 3878 P
2235 3854 2258 3878 a

1212 3899 1356 3936 centro,
1375 3890 1552 3941 negativa
1566 3888 1656 3928 ver&
1669 3890 1699 3927 si
1721 3890 1819 3929 illud
1833 3893 1997 3930 attrahat
2008 3892 2054 3930 ad
2068 3901 2258 3940 centrum,

1135 3962 1228 4000 E4
