2540 4296
289 339 356 387 52
757 324 1322 382 PHILOSOPHIAE
1362 323 1817 379 NATURALIS
1893 327 2011 390 [DE
2041 325 2244 379 MUND.
2276 329 2428 380 Srs'r.

290 478 450 539 dunt3
488 477 560 528 ita
582 485 642 527 ut
666 473 886 545 angulus
912 472 1049 524 inter
1074 480 1268 523 rectam
1295 471 1648 541 quiescentem
1678 471 1732 523 N
1756 490 1793 522 n
1830 479 1881 522 et
1906 471 2255 525 revolventem
2285 473 2336 524 T
2363 475 2429 537 A,

291 584 496 634 semper
544 565 636 615 fiat
682 561 894 631 aequalis
944 560 1201 611 distantiae
1250 560 1486 610 locorum
1539 559 1672 611 Solis
1724 569 1775 610 et
1823 559 1964 609 nodi.
2040 560 2159 611 Jam
2203 562 2244 611 si
2291 572 2434 613 recta

291 658 484 729 quaevis
522 657 573 708 T
601 656 654 707 K
699 654 957 705 dividatur
996 653 1051 702 in
1076 661 1249 720 partes
1290 651 1341 702 T
1370 652 1406 702 S
1445 660 1497 701 et
1537 651 1573 701 S
1603 650 1656 701 K
1695 668 1811 720 quae
1850 651 1953 701 sint
1988 660 2047 701 ut
2083 660 2255 702 motus
2297 653 2430 705 Solis

288 750 526 802 horarius
552 746 754 798 medius
793 745 860 796 ad
896 754 1097 795 motum
1129 742 1397 794 horarium
1422 739 1739 792 mediocrem
1763 740 1890 792 nodi
1915 741 1969 791 in
1996 737 2343 810 quadraturis,
2379 753 2431 795 et

288 851 513 911 ponatur
537 847 678 891 recta
716 837 768 889 T
804 837 865 888 H
901 835 1072 887 media
1108 853 1329 903 propor-

288 931 494 984 tionalis
531 930 665 981 inter
689 938 891 997 partem
926 927 977 978 T
1006 928 1043 979 S
1082 935 1133 977 et
1169 934 1330 977 totam

292 1023 344 1074 T
372 1022 442 1084 K,
481 1021 595 1071 haec
626 1030 767 1070 recta
790 1019 925 1069 inter
961 1016 1182 1086 reliquas
1207 1035 1330 1084 pro-

288 1109 591 1180 portionaliS
630 1109 727 1160 erit
751 1107 915 1159 motui
940 1105 1112 1157 medio
1142 1105 1274 1157 Solis
1302 1124 1332 1154 a

289 1200 446 1253 nodo.

412 1297 446 1323 ‘⁶
484 1290 826 1343 Describatur
898 1287 1036 1339 enim
1110 1285 1331 1337 circulus

291 1380 347 1433 N
374 1380 428 1431 K
453 1399 490 1431 n
518 1380 584 1431 M
622 1388 798 1430 centro
831 1376 882 1427 T
919 1385 970 1427 et
1007 1375 1153 1426 radio
1180 1376 1231 1426 T
1260 1374 1329 1437 K,

291 1470 578 1537 eodemque
642 1476 819 1518 centro
881 1474 932 1516 et
993 1463 1331 1514 semi-axibus

292 1559 344 1610 T
390 1559 451 1609 H
499 1566 551 1608 et
589 1556 639 1607 T
684 1556 737 1606 N
776 1552 1099 1605 describatur
1140 1552 1332 1620 ellipsis

291 1649 346 1701 N
375 1649 435 1700 H
460 1667 496 1698 n
523 1648 588 1709 L,
630 1656 681 1697 et
714 1645 768 1695 in
793 1653 1027 1712 tempore
1054 1661 1158 1712 quo
1188 1642 1277 1694 Sol
1303 1661 1334 1692 a

288 1738 429 1789 nodo
449 1736 643 1788 recedit
661 1752 756 1802 per
775 1751 950 1783 arcum
974 1732 1028 1783 N
1046 1750 1091 1794 a,
1114 1730 1157 1781 si
1177 1730 1334 1782 duca-

289 1836 375 1877 tur
399 1834 540 1876 recta
567 1824 618 1875 T
641 1824 677 1874 b
704 1842 749 1886 a,
779 1840 898 1873 area
915 1819 1127 1871 sectoris
1156 1819 1209 1870 N
1227 1820 1278 1871 T
1303 1839 1333 1870 a

290 1925 518 1984 exponet
556 1932 811 1965 summam
845 1920 1081 1963 motuum
1119 1910 1245 1962 nodi
1283 1920 1334 1961 et

295 2006 428 2058 Solis
454 2006 510 2055 in
536 2004 725 2055 eodem
750 2017 1000 2070 tempore.
1067 1999 1146 2052 Sit
1169 2000 1328 2071 igitur
1353 2019 1502 2054 arcus
1530 2021 1561 2054 a
1587 2001 1637 2054 A
1664 2000 1820 2072 quam
1844 2000 2088 2052 minimus
2117 2020 2269 2071 quem
2294 2009 2436 2053 recta

291 2095 343 2146 T
378 2095 414 2145 b
453 2113 484 2145 a
518 2092 734 2162 praefata
759 2091 876 2162 lege
901 2089 1169 2143 revolvens
1194 2089 1249 2140 in
1276 2089 1394 2142 data
1433 2092 1680 2160 temporis
1706 2090 1958 2159 particula
1985 2091 2325 2159 uniformiter¹
2345 2090 2436 2143 de-

290 2185 484 2247 scribit,
528 2193 580 2235 et
620 2193 788 2235 sector
814 2180 970 2252 quam
994 2181 1237 2232 minimus
1280 2182 1332 2233 T
1373 2182 1425 2233 A
1466 2201 1496 2233 a
1536 2183 1633 2234 erit
1658 2193 1716 2233 ut
1741 2201 1943 2233 summa
1966 2169 2301 2234 velocitatum'
2335 2182 2436 2252 qua

295 2275 385 2328 Sol
411 2285 463 2326 et
486 2274 655 2325 nodus
681 2284 794 2325 tum
818 2273 1065 2341 temporis
1103 2273 1319 2324 seorsim
1344 2272 1596 2325 feruntur.
1676 2274 1811 2326 Solis
1850 2284 2023 2326 autem
2048 2275 2291 2327 velocitas
2328 2272 2438 2326 fere

290 2364 565 2417 uniformis
592 2373 686 2426 est,
725 2372 906 2431 utpote
932 2364 1077 2432 cujus
1102 2381 1263 2431 parva
1287 2362 1610 2432 inaequalitas
1635 2363 1724 2413 vix
1749 2363 1910 2414 ullam
1935 2364 2135 2415 inducit
2171 2364 2225 2414 in
2263 2363 2438 2416 medio

291 2454 552 2505 nodorum
575 2462 722 2504 motu
746 2452 1063 2504 varietatem.
1139 2452 1322 2503 Altera
1356 2470 1477 2520 pars
1502 2452 1657 2521 hujus
1695 2471 1927 2516 summae,
1967 2472 2157 2522 nempe
2194 2455 2438 2505 velocitas

293 2546 419 2597 nodi
443 2545 498 2596 in
522 2544 773 2596 mediocri
800 2541 889 2594 sua
917 2543 1201 2614 quantitate
1238 2551 1458 2613 augetur
1481 2541 1537 2592 in
1561 2560 1768 2594 recessu
1793 2562 1824 2593 a
1850 2544 2070 2615 syzygiis
2097 2544 2151 2594 in
2177 2542 2438 2613 duplicata

292 2639 493 2689 ratione
519 2636 661 2689 sinus
687 2636 942 2688 distantiae
968 2636 1077 2705 ejus
1114 2655 1145 2687 a
1186 2635 1335 2696 Sole3
1374 2652 1470 2702 per
1499 2634 1675 2686 Corol.
1718 2634 1876 2702 Prop.
1905 2634 2131 2686 XXXI.
2174 2635 2291 2687 Lib.
2325 2634 2439 2687 ‘III.

296 2728 525 2796 Princip.
568 2736 621 2778 et
661 2724 781 2777 cum
805 2725 1035 2777 maxima
1060 2733 1138 2776 est
1162 2723 1216 2774 in
1243 2722 1569 2793 quadraturis
1607 2721 1675 2773 ad
1715 2722 1891 2773 Solem
1916 2721 1970 2771 in
1999 2722 2068 2784 Κ,
2100 2723 2163 2791 (¹³)
2204 2724 2440 2775 eamdem

293 2820 546 2871 rationem
572 2818 772 2869 obtinet
796 2816 864 2868 ad
893 2816 1027 2869 Solis
1053 2815 1378 2867 velocitatem
1404 2833 1464 2865 ac
1491 2833 1552 2865 ea
1577 2832 1734 2883 quam
1758 2812 1918 2865 habet
1946 2815 1982 2866 S
2011 2814 2063 2866 K
2091 2815 2158 2866 ad
2185 2816 2236 2867 T
2266 2817 2303 2868 S
2340 2816 2441 2867 hoc
2523 2836 2528 2841 ·

295 2919 373 2960 est
412 2907 470 2976 (⁰)
509 2915 569 2957 ut
595 2906 908 2974 (differentia
932 2904 1302 2974 quadratorum
1328 2921 1394 2953 ex
1421 2902 1472 2953 T
1499 2902 1553 2953 K
1590 2911 1642 2954 et
1681 2902 1732 2953 T
1760 2902 1820 2954 H
1846 2902 1948 2969 vel)
1991 2903 2054 2972 (d)
2081 2906 2440 2976 rectangulum

299 3000 353 3052 K
375 3000 436 3052 H
458 2998 524 3051 M
549 2997 616 3049 ad
643 2998 694 3050 T
717 2997 776 3048 H
802 2996 1127 3066 quadratum.
1208 2994 1312 3047 Sed
1338 2994 1530 3062 ellipsis
1557 2994 1609 3045 N
1629 2994 1675 3045 B
1695 2994 1755 3046 H
1781 2995 1965 3046 dividit
1991 3006 2245 3048 sectorem
2272 2999 2321 3051 A
2341 2998 2392 3050 T
2411 3018 2442 3049 a

298 3106 512 3140 summae
538 3087 725 3138 harum
752 3085 972 3136 duarum
997 3084 1322 3135 velocitatem
1349 3092 1713 3151 exponentem,
1753 3083 1807 3133 in
1846 3082 1974 3135 duas
1999 3096 2172 3154 partes
2200 3087 2250 3138 A
2279 3088 2325 3139 B
2351 3087 2386 3139 b
2411 3107 2443 3138 a

297 3189 350 3231 et
389 3180 435 3230 B
468 3178 526 3229 -T
563 3178 598 3228 b
635 3176 760 3245 ipsis
786 3173 1139 3226 velocitatibus
1164 3171 1593 3241 proportIOnales.
1672 3171 1999 3225 Producatur
2024 3175 2160 3225 enim
2202 3176 2248 3227 B
2288 3176 2339 3228 T
2375 3177 2443 3228 ad

299 3269 549 3322 circulum
573 3267 628 3317 in
652 3269 701 3330 β,
730 3276 782 3317 et
806 3285 837 3316 a
860 3273 1055 3334 puncto
1078 3262 1124 3314 B
1150 3262 1451 3314 demittatur
1475 3261 1543 3313 ad
1566 3279 1723 3314 axem
1736 3264 1987 3332 majorem
2000 3265 2441 3333 perpendicularis

302 3362 349 3414 B
390 3361 458 3424 G,
503 3378 619 3430 quae
646 3359 887 3428 utrinque
911 3357 1168 3426 producta
1192 3365 1431 3408 occurrat
1456 3355 1650 3407 circulo
1686 3356 1742 3406 in
1776 3356 1983 3425 punctis
2027 3357 2072 3409 F
2115 3369 2170 3410 et
2205 3358 2239 3422 f,
2288 3360 2348 3429 (ὃ)
2392 3368 2444 3411 et

356 3544 410 3597 (Β)
447 3547 468 3569 ⁸
491 3545 682 3583 Eamdem
701 3543 889 3580 rationem
907 3541 1044 3578 obtinet
1062 3550 1130 3588 per
1148 3544 1345 3576 construc—
1455 3534 1508 3588 (d)
1546 3538 1566 3561 ⁴*
1608 3537 1661 3576 Ut
1678 3535 1890 3588 differentia
1910 3538 2188 3587 quadratorum
2214 3549 2257 3574 ex*
2291 3538 2327 3575 T
2342 3539 2386 3575 K
2407 3545 2445 3575 et

300 3599 459 3636 tionem.
1405 3591 1443 3628 T
1455 3592 1506 3628 Η
1517 3591 1574 3628 vel
1590 3592 1864 3640 rectangulum
1879 3593 1925 3628 K
1933 3592 1981 3629 H
1990 3592 2049 3628 M.
2110 3590 2184 3628 Est
2198 3589 2302 3627 enim
2317 3590 2353 3627 T
2367 3590 2406 3627 K
2423 3592 2443 3613 2

357 3651 412 3702 (⁰)
449 3653 469 3673 '¹
510 3653 560 3688 Ut
580 3648 798 3700 defferentia
817 3650 1097 3698 quadratorum
1124 3659 1168 3683 ex
1193 3646 1290 3683 TI(
1307 3651 1344 3682 et
1397 3663 1451 3674 -—
1472 3643 1509 3680 T
1536 3641 1582 3681 H
1610 3645 1701 3679 2=
1731 3644 1772 3681 K
1801 3644 1844 3680 H
1876 3648 1917 3689 ><
1953 3642 1998 3680 Η
2022 3642 2085 3689 Μ,
2123 3654 2191 3691 per
2228 3642 2344 3692 Prop.
2389 3643 2439 3681 V.

308 3706 406 3743 ΤΗ
421 3725 474 3734 -
491 3706 542 3740 ad
569 3706 605 3742 T
617 3705 667 3741 H
681 3706 928 3753 quadratum.
989 3700 1064 3737 Est
1081 3711 1128 3735 ex
1147 3704 1343 3736 construc-
1400 3696 1488 3734 Lib.
1515 3695 1576 3734 ΙΙ.
1603 3696 1732 3734 Elem.
1757 3695 1946 3734 Euclidis.

301 3759 407 3794 tione
428 3757 464 3793 T
487 3756 528 3793 K
560 3755 610 3793 ad
644 3756 680 3793 T
701 3756 745 3793 H
776 3763 821 3793 ut
853 3755 890 3792 T
910 3753 954 3791 H
974 3752 1024 3790 ad
1045 3752 1082 3790 T
1104 3752 1142 3799 S,
1177 3758 1234 3789 est
1252 3762 1345 3800 ergo
1453 3747 1511 3802 (θ)
1535 3752 1555 3774 ⁴⁶
1579 3752 1634 3789 Et
1654 3752 1836 3800 quoniam
1854 3752 2023 3799 spatium
2042 3751 2082 3787 A
2096 3750 2135 3787 B
2148 3749 2170 3786 b
2183 3762 2217 3793 α,
2234 3748 2304 3787 &c.
2355 3749 2445 3788 Sec-

305 3810 342 3846 T
365 3809 444 3846 K²
473 3809 683 3846 adTH2
711 3806 1003 3845 utTKadT
1026 3805 1109 3842 Set
1137 3803 1346 3842 dividendo
1399 3804 1620 3841 torTAa
1646 3802 2129 3840 estadsectoremTBb
2155 3808 2201 3839 ut
2231 3802 2269 3838 A
2293 3802 2366 3840 T2
2395 3802 2447 3840 ad

304 3862 342 3899 T
356 3861 393 3898 Κ
412 3863 431 3883 2
450 3883 504 3891 —
524 3862 561 3899 T
579 3862 621 3900 H
637 3863 656 3885 ²
676 3860 724 3899 ad
747 3861 782 3899 T
799 3861 844 3898 H
859 3862 878 3883 ²
900 3867 943 3898 ut
964 3859 1001 3898 T
1030 3858 1073 3896 K
1087 3878 1141 3889 —
1158 3858 1194 3896 T
1223 3857 1250 3896 S
1268 3857 1347 3895 sive
1403 3856 1440 3894 B
1463 3856 1500 3894 T
1518 3858 1548 3901 ²,
1582 3856 1692 3908 (quia
1710 3863 1865 3904 propter
1882 3855 2107 3903 parvitatem
2126 3854 2262 3904 anguli
2293 3856 2331 3892 A
2356 3855 2392 3892 T
2409 3869 2445 3900 a,

305 3915 334 3952 S
356 3914 396 3952 K
416 3913 465 3952 ad
486 3915 522 3952 T
545 3915 584 3952 S.
1401 3921 1481 3947 non
1500 3907 1629 3947 differt
1654 3908 1881 3947 sensibiliter
1899 3914 2022 3946 sector
2058 3908 2093 3947 B
2117 3908 2152 3947 T
2171 3910 2195 3947 b
2224 3910 2271 3946 ab
2304 3920 2350 3946 eo
2378 3908 2449 3958 qui
