2540 4296
62 282 246 335 Lmen
272 280 569 369 Titanus]
648 276 1049 332 PRINCIPIA
1089 277 1703 332 MATHEMATICA.
2129 287 2188 332 11

395 486 868 541 PROPOSITIO
907 487 1154 539 XXVII.
1233 488 1666 544 PROBLEMA
1704 490 1863 543 VIII.

291 645 374 695 Ex
399 650 529 693 motu
551 629 758 691 horarz'o
781 638 948 689 Lunoe
973 638 1196 689 invenire
1221 638 1375 703 ipsius
1403 638 1695 688 distantiam
1721 656 1754 687 α
1787 638 1841 688 T
1834 633 1966 687 errd.

133 790 195 858 (5)
225 789 381 849 Area,
410 802 565 857 quam
585 783 738 836 Luna
756 765 901 833 radio
928 781 994 832 ad
1021 781 1243 833 Terram
1268 779 1425 831 ducto
1452 779 1664 849 singulis
1690 781 1937 849 temporis
1962 797 2196 832 momen·

60 881 123 932 tis
150 878 407 942 describit,
437 886 513 929 est
538 885 597 928 ut
619 883 794 927 motus
820 872 1057 924 horarius
1086 872 1254 925 Lunae
1279 880 1329 922 et
1354 870 1663 940 quadratum
1688 870 1944 922 distantiae
1971 871 2140 924 Lunae
2165 888 2196 921 a

60 969 226 1024 Terra
265 966 606 1037 conjunctim3
646 973 697 1015 et
732 972 1008 1032 propterea
1043 959 1285 1012 distantia
1312 960 1480 1011 Lunae
1517 978 1549 1010 a
1587 958 1752 1011 Terra
1792 969 1869 1010 est
1904 960 1959 1010 in
1996 960 2196 1012 ratione

60 1059 343 1129 composita
382 1077 448 1109 ex
486 1052 842 1124 subduplicata
881 1053 1081 1104 ratione
1118 1067 1253 1102 areae
1291 1048 1486 1103 directe
1525 1059 1575 1101 et
1613 1050 1971 1119 subduplicata
1998 1051 2196 1103 ratione

57 1161 228 1204 motus
253 1148 448 1201 horarii
474 1144 692 1198 inverse.
771 1144 839 1205 Q.
869 1162 913 1194 e.
941 1142 973 1195 i.

135 1244 297 1293 Corol.
330 1248 374 1292 1,.
452 1239 597 1291 Hinc
623 1237 775 1289 datur
802 1235 970 1287 Lunae
996 1232 1245 1284 diameter
1271 1248 1555 1299 apparens:
1596 1229 1788 1299 quippe
1814 1247 1931 1298 quae
1969 1229 2033 1280 sit
2068 1229 2196 1280 reci-

57 1328 215 1399 proce
255 1338 313 1380 ut
351 1327 511 1395 ipsius
552 1324 791 1377 distantia
825 1343 856 1373 a
890 1320 1073 1373 Terra.
1150 1320 1212 1388 (Ζ)
1251 1319 1482 1371 Tentent
1522 1316 1805 1369 astronomi
1843 1316 1996 1387 quam
2033 1316 2196 1385 probe

56 1418 168 1470 haec
198 1416 401 1487 Regula
427 1434 545 1466 cum
569 1410 925 1482 phaenomenis
953 1417 1218 1480 congruat.

134 1509 295 1559 Corol.
325 1512 374 1556 2.
451 1506 511 1573 (²²)
544 1504 689 1555 Hinc
710 1502 863 1554 etiam
883 1500 1021 1553 orbis
1040 1498 1234 1551 lunaris
1257 1497 1544 1550 accuratius
1571 1517 1637 1549 ex
1662 1495 2017 1566 phaenomenis
2040 1497 2196 1568 quam

58 1596 273 1652 antehac
299 1595 503 1649 definiri
528 1603 711 1663 potest.

397 1790 870 1846 PROPOSITIO
911 1787 1190 1842 XXVIII.
1270 1786 1703 1840 PROBLEMA
1744 1788 1848 1840 IX.

95 1941 326 1993 Invenire
351 1940 616 1990 diametros
641 1937 774 1988 orbis
799 1938 853 1987 in
880 1953 974 2003 quo
992 1934 1165 1995 Luna,
1193 1934 1301 1984 sine
1325 1933 1714 1996 excentricitate,
1741 1933 1928 1985 ‘moveri
1953 1932 2160 1984 deberet.

133 2083 422 2135 Curvatura
463 2080 787 2150 trajectoriae‚
839 2097 993 2148 quam
1036 2067 1246 2139 mobile,
1294 2076 1336 2128 si
1381 2077 1668 2128 secundum
1711 2076 2019 2146 trajectoriae
2062 2075 2198 2126 illius

57 2170 484 2241 perpendiculum
507 2168 756 2231 trahatur,
797 2166 1058 2229 describit,
1100 2175 1177 2217 est
1212 2173 1272 2216 ut
1307 2165 1544 2217 attractio
1570 2163 1762 2216 directe
1801 2174 1853 2216 et
1890 2164 2201 2235 quadratum

58 2259 338 2311 velocitatis
364 2257 581 2310 inverse.
658 2256 721 2327 (¹³)
765 2256 1080 2308 Curvaturas
1105 2254 1357 2305 linearum
1383 2272 1524 2322 pono
1562 2272 1674 2305 esse
1700 2254 1835 2305 inter
1860 2272 1915 2304 se
1941 2253 1996 2304 in
2021 2250 2199 2304 ultima

113 2398 169 2451 (Υ)
194 2403 279 2437 115.
313 2400 418 2438 Area
435 2413 553 2450 quam
572 2400 693 2438 Luna
721 2399 880 2447 singulis
905 2398 1103 2436 momentis
1155 2409 1179 2434 a
1199 2394 1343 2435 Terra:
1376 2408 1480 2443 nam,
1508 2395 1757 2447 per—praeced.
1785 2396 1899 2444 Prop.
1933 2406 2062 2434 area·a
2082 2393 2201 2434 Luna

58 2454 232 2491 describit
242 2459 295 2491 est
305 2460 350 2491 ut
361 2459 482 2491 motus
495 2454 666 2491 horarius
677 2453 808 2490 Lunae
820 2458 856 2489 et
867 2453 1101 2501 quadratum
1154 2448 1353 2498 descripta,
1378 2458 1435 2487 est
1453 2457 1499 2487 ut
1516 2462 1669 2487 summa
1697 2449 1848 2487 numeri
1870 2454 2017 2488 219.46
2035 2456 2074 2486 et
2093 2449 2200 2485 sinus

59 2507 245 2545 distantia
258 2507 388 2545 Lunae
405 2519 430 2544 α
449 2508 589 2544 Terra:
623 2504 814 2554 Designet
828 2503 864 2542 T
878 2503 913 2541 P
926 2516 953 2552 p
972 2515 1102 2541 aream
1152 2502 1250 2540 versi
1268 2502 1377 2551 dupli
1397 2503 1533 2553 anguli
1566 2502 1601 2540 P
1624 2503 1659 2540 T
1683 2503 1714 2541 C
1743 2515 1831 2552 quae
1861 2501 1891 2538 si
1922 2501 2114 2540 dividatur
2133 2514 2201 2550 per

1151 2564 1306 2593 motum
1324 2555 1521 2593 horarium
1540 2555 1606 2606 qui
1627 2555 1890 2592 observatione
1907 2554 2114 2599 obtinetur,
2137 2567 2197 2591 ra-

395 2627 423 2664 p
1152 2608 1219 2646 dix
1251 2608 1436 2658 quadrata
1472 2608 1556 2659 ejus
1588 2607 1796 2658 quotientis
1829 2608 1900 2645 erit
1933 2615 1978 2645 ut
2007 2607 2198 2644 distantiae

1155 2660 1192 2699 P
1213 2661 1262 2708 ⁷12,
1294 2669 1333 2699 et
1360 2660 1507 2699 inverse
1535 2669 1580 2699 ut
1610 2661 1736 2700 Lunae
1755 2659 1931 2700 diametri
1956 2668 2193 2710 appare-ntes.

273 2725 315 2760 Ρ
649 2753 652 2756 ⁴
1157 2714 1290 2758 Quare
1327 2713 1359 2750 si
1394 2713 1435 2751 hi
1471 2714 1586 2752 etiam
1623 2715 1809 2752 observati
1846 2714 2003 2756 fuerint,
2044 2713 2200 2752 collatio

409 2763 451 2796 ‘s
858 2756 898 2798 T
1153 2766 1461 2805 observationum
1475 2780 1565 2805 cum
1579 2767 1750 2805 numeris
1761 2767 1813 2805 sic
1826 2767 1990 2805 inventis
2002 2766 2199 2817 Regulam

1155 2820 1451 2858 Newtoniauam
1472 2820 1688 2858 illustrabit.

61 2870 287 2920 descriptam
317 2883 341 2908 a
375 2869 493 2909 Luna
523 2869 657 2920 quovis
687 2869 943 2918 tempusculo,
979 2869 1104 2919 sitque
1210 2872 1265 2922 (ὃ)
1315 2875 1335 2897 *
1374 2875 1481 2912 Hinc
1518 2875 1632 2912 etiam
1668 2876 1763 2912 orbis
1799 2875 1948 2913 lunaris
1979 2873 2199 2912 accuratias

64 2924 101 2963 P
118 2937 145 2973 p
163 2936 275 2963 arcus
293 2936 421 2962 curvae
439 2923 667 2973 cujuslibet;
688 2931 821 2961 centro
842 2923 877 2960 T
895 2922 1002 2961 radio
1024 2924 1060 2961 T
1078 2936 1104 2971 p
1155 2925 1274 2975 qudm
1310 2929 1470 2964 antehac
1506 2928 1655 2979 definiri
1687 2934 1815 2976 potest.
1898 2926 2014 2965 Orbis
2051 2925 2199 2964 lunaris

61 2976 297 3015 describatur
327 2989 438 3015 arcus
469 2976 663 3014 circularis
699 2976 734 3013 P
751 2989 777 3026 q
807 2976 874 3025 qui
902 2988 972 3025 pro
1000 2974 1105 3013 recta
1154 2980 1281 3029 figura
1295 2978 1444 3016 definiri
1469 2979 1596 3028 potest
1609 2991 1677 3028 per
1691 2979 1970 3017 observationes
1993 2979 2198 3017 diametro-

61 3029 368 3079 perpendiculari
382 3029 423 3066 in
438 3028 579 3067 lineam
598 3030 633 3066 T
646 3042 672 3077 p
690 3030 832 3067 assumi
848 3036 982 3077 potest,
996 3027 1103 3066 ide6-
1154 3044 1243 3069 rum
1254 3032 1521 3080 apparentium
1540 3033 1666 3071 Lunae
1679 3032 1720 3069 in
1735 3033 1833 3070 datis
1846 3033 2000 3083 angulis
2019 3046 2041 3070 a
2055 3040 2200 3080 puncto

61 3095 138 3132 que
163 3082 292 3120 area‘a
314 3080 431 3121 Luna
458 3081 645 3131 descripta
671 3082 743 3119 erit
769 3090 814 3120 ut
843 3083 879 3121 T
902 3082 937 3120 P
958 3087 999 3127 ><
1022 3094 1048 3130 p
1065 3096 1103 3133 q.
1155 3084 1323 3134 quodam
1342 3084 1448 3131 fixo;
1477 3085 1606 3135 sicque
1636 3084 1726 3122 cum
1757 3086 1946 3123 distantiae
1968 3086 2095 3123 Lunae
2124 3084 2201 3122 sint

63 3134 206 3186 gradus
224 3143 368 3181 autem,
398 3143 465 3173 aut
483 3134 635 3172 minuta
652 3134 690 3171 in
709 3148 802 3179 arcu
830 3148 856 3183 p
875 3148 899 3185 q
926 3142 1107 3173 contenta
1155 3138 1215 3175 his
1233 3137 1430 3175 diametris
1448 3139 1720 3187 apparentibus
1744 3139 1958 3187 reciprocae,
1986 3137 2200 3188 longitudi-

63 3190 342 3225 mensur-abunt
378 3196 532 3225 motum
577 3189 802 3239 angularem
841 3187 970 3227 Lunae
1015 3186 1106 3225 dato
1156 3203 1225 3228 nes
1252 3190 1442 3228 distantiis
1472 3192 1600 3229 Lunae
1626 3190 1929 3240 proportionales
1952 3191 1993 3228 in
2019 3191 2202 3228 lateribus

65 3248 247 3289 tempore,
279 3240 346 3291 qui
367 3240 522 3290 oequalis
551 3247 608 3277 est
635 3240 760 3278 motui
792 3241 944 3278 horario
964 3240 1104 3286 Lunae,
1157 3255 1292 3280 eorum
1311 3243 1550 3293 angulorum
1578 3246 1693 3282 secari
1714 3252 1875 3293 possunt
1901 3251 1940 3282 et
1965 3256 2034 3292 per
2051 3256 2114 3280 eas
2133 3255 2199 3280 ex-

64 3292 230 3343 ideoque
249 3292 454 3342 longitudo
471 3293 647 3333 absoluta
662 3293 746 3343 ejus
764 3292 873 3331 arcus
890 3305 917 3342 p
930 3306 954 3343 q
973 3293 1044 3331 erit
1062 3301 1108 3331 ut
1151 3296 1367 3334 tremitates
1385 3296 1476 3333 duci
1504 3304 1628 3344 potest
1655 3310 1772 3335 curva
1790 3297 1872 3334 orbi
1890 3297 2017 3335 lunari
2037 3295 2194 3333 similis:

66 3346 149 3396 ejus
166 3345 296 3383 radius
317 3346 353 3383 T
374 3345 409 3383 P
437 3354 476 3384 et
501 3354 630 3383 motus
656 3345 828 3385 horarius
857 3347 985 3386 Lunae
1014 3358 1107 3384 con·
1157 3347 1225 3386 sed
1244 3350 1455 3386 observatio
1474 3349 1649 3387 diametri
1669 3350 1877 3400 cujuslibet
1895 3349 2063 3398 corporis
2081 3347 2201 3386 lucidi

62 3398 242 3449 junctim,
270 3398 360 3435 binc
378 3411 464 3436 area
485 3399 521 3436 T
543 3399 578 3436 P
599 3403 641 3444 ><
664 3409 690 3447 p
707 3410 731 3448 q
750 3399 823 3436 erit
840 3407 885 3437 ut
905 3399 942 3438 T
963 3399 998 3437 P
1015 3398 1035 3423 ²
1069 3406 1108 3437 et
1160 3408 1217 3440 est
1247 3401 1360 3438 nimis
1391 3401 1539 3439 lubrica
1567 3410 1611 3440 ut
1638 3403 1728 3440 satis
1755 3411 1839 3440 tuta
1867 3415 1947 3440 csse
1976 3402 2090 3450 possit
2117 3402 2201 3439 haec

65 3459 196 3489 motus
215 3451 389 3488 horarius
407 3451 531 3489 Lunae
549 3450 800 3501 conjunctim.
886 3493 889 3496 s
1160 3453 1391 3500 methodus3
1413 3453 1563 3492 facilius
1581 3455 1778 3505 tutiusque
1796 3456 2099 3492 observabuntur
2116 3466 2201 3490 mo-

121 3504 181 3555 (z)
206 3507 227 3528 *
259 3506 421 3543 Tentent
438 3506 656 3543 astronomi.
700 3502 951 3542 observando
968 3516 1108 3554 nempe
1161 3513 1224 3544 tus
1239 3506 1415 3545 horarius
1429 3507 1556 3545 Lunae
1570 3509 1729 3558 ejusque
1740 3508 1919 3545 distantia
1932 3521 1955 3544 a
1968 3504 2202 3556 quadratura

64 3565 217 3595 motum
232 3556 429 3595 horarium
448 3556 573 3594 Lunae
591 3557 632 3593 in
650 3556 762 3594 variis
773 3556 1008 3605 temporibus
1026 3557 1110 3608 ejus
1162 3557 1353 3609 proxima,
1383 3560 1473 3596 hinc
1492 3561 1620 3610 itaque
1638 3559 1854 3599 accuratius
1880 3557 2037 3610 cognita
2055 3559 2203 3597 ratione

66 3609 213 3658 periodi
231 3617 270 3648 et
287 3609 404 3648 simul
421 3609 610 3658 angulum
628 3609 729 3646 inter
743 3608 870 3647 Solem
890 3617 928 3647 et
949 3609 1106 3648 Lunam
1160 3611 1427 3649 distantiarum
1463 3605 1590 3650 Lunae
1618 3626 1642 3651 a
1675 3611 1795 3652 Terra
1830 3615 1871 3650 in
1908 3612 2007 3650 datis
2034 3611 2202 3662 angulis,

0 3698 2 3717 ‡
66 3661 323 3712 interceptum
339 3670 383 3699 ut
397 3662 487 3699 inde
501 3663 686 3699 habeatur
699 3662 783 3712 ejus
796 3662 975 3702 distantia
993 3662 1105 3701 PTC
1160 3663 1376 3702 accuratius
1391 3664 1596 3703 definietur
1609 3664 1725 3715 quam
1746 3667 1907 3703 antehac
1921 3666 2022 3703 orbis
2036 3665 2197 3703 lunaris.

7 3724 9 3728 ⁴
68 3727 92 3752 a
119 3713 352 3765 quadratura
383 3712 559 3764 proxima
592 3714 640 3760 C,
673 3714 763 3752 inde
795 3715 897 3752 enim
928 3723 1108 3763 poterunt
1216 3717 1272 3768 (b)
1331 3721 1561 3757 Curvaturas
1597 3721 1801 3763 linearum,
1840 3720 1909 3756 &c.
1988 3718 2205 3758 Curvatura

69 3767 198 3818 colligi
210 3767 362 3806 numeri
373 3766 674 3818 proportionales
684 3767 870 3806 distantiis
887 3768 967 3807 PT
980 3768 1107 3806 Lunae
1161 3769 1274 3808 lineae
1302 3777 1360 3808 est
1388 3771 1471 3821 ejus
1498 3769 1662 3809 deflexio
1688 3784 1711 3809 a
1737 3778 1931 3823 tangente,
1960 3779 1999 3811 et
2025 3770 2204 3811 aestimari

124 3837 225 3875 Vot·
249 3838 334 3878 111.
361 3838 478 3877 Pur
499 3837 560 3876 ΙΙ.
953 3832 957 3836 ’
1116 3839 1151 3878 Β
