2540 4296
109 320 297 374 LIBER
321 317 621 380 TERTIUS]
663 313 1066 369 PRINCIPIA
1106 312 1728 368 MATHEMATICA.

91 466 262 517 (108·48
284 462 322 499 A
340 459 496 511 PQ÷
539 464 681 498 108-48
705 459 741 498 P
763 459 805 503 Q.
822 457 860 497 T
876 461 1153 497 -136.0375

95 516 508 565 xAPQ-272.o75
538 514 574 552 P
593 513 685 559 QT
705 513 759 564 4-
780 515 955 551 27.5575
980 513 1016 549 A
1041 512 1076 550 P
1099 511 1150 557 Q,

285 602 294 611 .
480 598 495 612 Α
660 569 707 605 15
726 566 763 602 A
781 570 822 611 ><
848 565 878 602 F
896 578 920 615 q
939 568 959 594 ⁹
977 565 999 602 f
1013 567 1033 588 ²

92 612 132 643 et
148 604 373 643 reductione
397 601 500 639 facta
518 600 564 639 fit
602 620 1089 676 W
1105 603 1146 645 Χ

95 694 166 743 (-.-
188 692 358 729 163.595
383 688 417 726 P
441 689 482 733 Q
500 686 569 738 T.)

162 741 266 779 Haec
304 741 468 790 aequatio
504 737 683 790 negativa
719 742 776 773 est
813 734 904 772 cum
942 748 1146 787 apogaeum

109 794 237 833 Lunae
264 807 311 832 ex
345 795 383 831 A
414 794 456 831 in
484 793 524 830 'C
553 805 577 830 a
607 787 764 839 syzygia
796 787 845 826 ad
876 789 1150 837 quadraturam

103 848 289 895 procedit,
319 847 358 884 in
386 843 621 896 quadratura
639 843 839 884 evanescit,
870 855 963 879 nam
995 843 1031 880 P
1053 844 1094 887 Q
1114 844 1150 882 T

103 899 145 938 in
164 898 398 951 quadratura
411 899 456 936 fit
472 911 576 936 zero:
601 898 632 934 si
652 895 752 945 apsis
770 908 815 933 ex
841 895 872 933 C
892 895 933 932 in
953 896 1148 946 syzygiam

108 954 308 1004 Bpergat,
330 953 374 990 fit
398 949 1145 995 APET=APQ-2PQT,

103 1002 1145 1051 estru=2APT=2AQP—2PQT,

101 1059 241 1111 quibus
261 1059 451 1097 valoribus
469 1060 510 1096 in
531 1057 747 1107 aequatione
766 1056 980 1094 substitutis
995 1059 1147 1107 quanti-

100 1121 159 1152 tas
175 1135 230 1143 —
253 1117 424 1152 165.595
456 1114 491 1151 Ρ
515 1113 555 1156 Q
575 1111 611 1149 T
639 1122 686 1148 ex
714 1108 891 1160 negativa
909 1111 1070 1157 positiva
1087 1110 1144 1159 fit,

99 1179 233 1204 rursus
250 1166 295 1204 fit
314 1167 492 1217 negativa
510 1165 602 1203 cum
630 1176 676 1201 ex
704 1162 859 1214 syzygia
892 1163 928 1200 B
957 1163 1005 1201 ad
1024 1164 1144 1214 quad-

98 1227 270 1257 raturam
300 1220 341 1258 D
369 1231 573 1270 apogaeum
591 1216 729 1268 pergit,
758 1216 919 1265 positiva
937 1216 1079 1254 iterum
1097 1231 1146 1256 ex

101 1272 144 1311 D
163 1273 205 1310 in
228 1274 290 1320 A;
320 1273 511 1311 evanescit
528 1271 618 1309 vero
636 1273 678 1309 in
705 1270 886 1308 omnibus
904 1270 1057 1320 punctis
1083 1284 1145 1322 sy-

96 1326 299 1377 zygiarum
318 1334 357 1365 et
374 1326 708 1376 quadraturarum.

155 1383 238 1419 Cor.
267 1384 301 1417 1.
361 1380 426 1418 Ex
460 1374 751 1431 trigonometriii
778 1383 918 1427 notum
949 1384 1017 1423 est,
1039 1378 1145 1428 quod

96 1431 206 1471 sinus
223 1432 334 1471 arcfis
352 1432 462 1482 dupli
481 1432 638 1471 alterius
665 1429 775 1469 arcus
792 1437 850 1467 est
868 1429 1034 1479 duplum
1053 1431 1145 1470 facti

96 1486 205 1523 sinus
221 1486 335 1524 arcus
353 1486 482 1536 simpli
500 1498 570 1536 per
588 1485 671 1535 ejus
693 1483 871 1522 cosinum
890 1482 1057 1521 divisum
1075 1498 1145 1534 per

94 1538 274 1586 radium3
305 1538 470 1590 ide6que
489 1546 636 1577 constat
654 1537 758 1589 quod
777 1536 885 1574 sinus
904 1536 1015 1574 arcus
1033 1537 1145 1587 dupli

94 1591 251 1630 alterius
269 1591 380 1631 arcus
407 1602 464 1632 est
481 1604 632 1641 semper
648 1599 694 1629 ut
711 1591 859 1629 factum
886 1589 997 1627 arcus
1014 1591 1143 1641 simpli

95 1658 164 1695 per
182 1646 302 1696 ipsius
330 1647 535 1694 cosinum3
564 1645 632 1683 sed
650 1658 748 1683 areae
780 1645 821 1689 Q
841 1644 876 1681 P
898 1643 934 1681 T
948 1643 1139 1704 duplum,

94 1711 236 1749 nempe
247 1713 335 1738 area
349 1700 386 1738 T
404 1700 446 1746 Q
457 1701 492 1739 P
509 1701 560 1745 E,
577 1706 616 1737 et
627 1698 755 1748 ipsum
768 1698 916 1735 factum
927 1709 1035 1735 sinus
1053 1699 1089 1743 Q
1106 1699 1143 1737 P

93 1765 207 1790 arcus
239 1754 277 1791 A
309 1754 345 1792 P
372 1767 440 1803 per
467 1754 551 1806 ejus
577 1752 755 1790 cosinum
784 1751 821 1789 T
852 1750 904 1797 Q,
933 1762 1026 1801 ergo
1052 1764 1142 1791 area

97 1806 138 1850 Q
153 1805 187 1844 P
202 1806 238 1844 T
256 1814 313 1844 est
332 1814 376 1845 ut
393 1807 501 1846 sinus
514 1805 625 1845 arcus
639 1804 748 1854 dupli
761 1803 874 1842 arcfis
889 1806 927 1841 A
944 1803 991 1850 P,
1012 1818 1140 1856 aequa-

90 1858 147 1896 tio
164 1866 296 1897 autem
316 1860 473 1899 inventa
491 1867 549 1899 est
566 1858 710 1908 ubique
727 1865 773 1895 ut
791 1870 878 1895 area
895 1856 964 1894 illa
986 1857 1021 1895 P
1043 1859 1085 1903 Q
1105 1859 1142 1898 T

91 1911 281 1962 siquidem
311 1921 460 1952 constat
487 1927 534 1952 ex
562 1913 666 1951 facto
692 1911 799 1949 illius
826 1923 924 1948 areae
951 1923 1019 1960 per
1046 1924 1139 1950 con-

89 1973 234 2003 stantes
249 1966 401 2014 ductae;
422 1980 515 2019 ergo
535 1965 700 2017 aequatio
714 1965 907 2013 proposita
925 1971 982 2002 est
994 1965 1140 2016 ubique

90 2026 136 2056 ut
162 2019 270 2057 sinus
296 2033 407 2058 arcus
434 2021 544 2070 dupli
571 2018 764 2058 distantiae
791 2018 939 2070 apogaei
960 2017 1089 2057 Lunae
1117 2032 1140 2058 a

89 2070 260 2123 syzygia.

145 2129 229 2165 Cor.
254 2131 292 2164 2·
351 2127 462 2165 Hinc
482 2128 598 2166 etiam
616 2125 792 2177 sequitur
818 2124 927 2163 illam
954 2125 1138 2175 aequatio-

87 2190 178 2217 nem
207 2191 431 2219 evanescere
461 2181 502 2219 in
535 2180 702 2231 syzygiis
733 2185 773 2217 et
803 2178 1057 2228 quadraturis,
1091 2179 1140 2218 iis

87 2232 192 2270 enim
212 2232 252 2270 in
271 2235 426 2282 punctis
441 2234 560 2272 Luna
578 2233 695 2272 distat
712 2245 736 2270 a
754 2229 913 2282 syzygia
930 2231 991 2269 vel
1013 2237 1064 2272 90
1075 2246 1136 2283 gr·

85 2285 149 2323 vel
173 2290 246 2324 180
263 2299 322 2337 gr.
360 2287 420 2326 vel
451 2292 530 2327 270
561 2286 623 2325 vel
655 2291 746 2332 360,
780 2297 949 2335 quorum
975 2297 1138 2324 arcuum

86 2338 253 2387 duplum
273 2347 329 2379 est
351 2345 438 2385 180,
459 2346 553 2389 560,
567 2343 663 2389 540,
676 2343 768 2387 720,
788 2350 957 2390 quorum
974 2351 1139 2378 arcuum

85 2391 193 2430 sinus
213 2401 304 2431 sunt
322 2407 422 2433 zero.

141 2449 224 2485 Cor.
239 2451 279 2485 3.
325 2448 437 2487 Hinc
451 2447 568 2487 etiam
583 2446 758 2499 sequitur
767 2446 868 2484 hanc
879 2445 1137 2497 aequationem

1 2515 17 2524 .
83 2510 166 2537 esse
194 2500 407 2550 maximam
433 2502 476 2539 in
503 2503 751 2547 octantibus3
786 2507 881 2537 tunc
908 2499 1013 2537 enim
1043 2499 1137 2538 cum

84 2564 290 2602 apogaeum
310 2553 425 2593 distet
442 2568 466 2592 a
483 2552 642 2606 syzygia
660 2554 722 2591 vel
741 2557 793 2593 45
811 2565 869 2603 gr.
893 2552 954 2589 vel
978 2557 1054 2592 135
1072 2553 1135 2591 vel

85 2609 162 2644 225
180 2607 240 2643 vel
256 2610 333 2646 315
348 2620 516 2658 quorum
532 2608 642 2656 dupli
658 2616 761 2653 sunt,
784 2611 836 2646 90
854 2618 914 2657 gr·
933 2609 1024 2653 270,
1041 2610 1134 2654 450,

0 2660 13 2671 ⁹
83 2663 175 2705 650,
206 2660 277 2697 &c·
307 2656 349 2698 εἰ
371 2661 513 2700 honum
533 2673 696 2699 arcuum
715 2660 822 2698 sinus
840 2659 890 2697 sit
906 2659 1039 2697 radius
1065 2659 1135 2710 qui

81 2712 262 2750 omnium
288 2713 447 2752 sinuum
477 2715 674 2753 maximus
701 2719 771 2758 est,
803 2712 978 2764 sequitur
1006 2725 1136 2763 aequa.

82 2765 229 2803 tionem
248 2766 329 2805 istis
355 2767 504 2807 sinibus
522 2767 852 2818 proportionatam
869 2766 934 2804 hic
960 2765 1036 2804 loci
1054 2778 1137 2805 esse

81 2830 307 2857 maximam.

137 2876 220 2912 Cor.
244 2878 281 2911 4.
344 2874 394 2912 In
413 2874 633 2914 octantibus
659 2875 744 2913 haec
771 2886 860 2912 area
895 2873 930 2913 P
954 2872 996 2918 Q
1014 2873 1051 2912 T
1078 2879 1136 2911 est

79 2925 106 2978 ὲ
123 2938 144 2962 r
161 2927 194 2972 2,
216 2936 260 2965 ut
279 2935 416 2966 notum
436 2937 505 2975 est,
526 2930 616 2967 hinc
635 2928 710 2966 ista
728 2926 897 2978 aequatio

222 2984 528 3028 4o.89875><15
543 2982 582 3019 A
602 2982 697 3020 Fr9
712 2980 768 3018 f2

77 3011 204 3051 evadit
295 3050 432 3085 109.73
451 3048 490 3086 S.
513 3048 550 3087 V
568 3052 611 3095 ><
627 3049 713 3085 αις)
770 3042 780 3059 ’
799 3013 888 3053 1⁰⁰⁰

78 3099 129 3205 ξ-
146 3139 314 3184 ponatur
326 3099 407 3205 1341:
422 3112 446 3204 ἰ
459 3141 516 3173 est
525 3133 548 3172 f
553 3136 857 3174 ²=0030805r2
869 3149 885 3184 ;

74 3260 133 3291 est
149 3223 209 3323 3—2’
238 3270 296 3291 =
328 3258 452 3294 .9864
495 3261 575 3294 tota
609 3254 804 3306 quantitas
839 3253 884 3298 fit

74 3343 658 3391 40.89875><15><.00298928
672 3346 738 3389 r><
749 3344 784 3381 A
800 3343 850 3381 Μ
864 3344 885 3367 ²

324 3410 482 3447 109.75.
502 3410 541 3447 S.
563 3411 602 3448 A
617 3410 638 3433 ²

173 3490 240 3530 sed
265 3491 469 3532 inventum
485 3502 544 3535 est
569 3497 676 3549 quod
702 3505 760 3537 est
787 3464 885 3572 ’ξιξ

539 3587 742 3625 40.89875
768 3590 812 3632 ><
837 3589 886 3625 15

74 3715 132 3737 ..-..-..
170 3704 348 3740 5.59082
384 3701 477 3741 hinc
512 3709 594 3743 tota
629 3659 795 3759 ἐὲιῗαῖἰῗ)
829 3716 890 3750 est

75 3758 356 3794 ,0011448782
383 3768 415 3803 r,
444 3756 513 3795 sed
531 3770 550 3795 r
568 3766 626 3798 est
643 3762 805 3812 aequalis
830 3775 888 3801 ar-

75 3808 142 3845 cui
170 3811 219 3847 57
239 3821 298 3860 gr.
323 3809 397 3856 29',
426 3810 499 3849 &c.
532 3811 624 3851 hinc
652 3816 819 3864 aequatio
851 3823 909 3855 est
936 3818 1132 3870 graduum

73 3628 132 3650 =
151 3617 368 3660 ,0685042
397 3621 438 3653 et
454 3620 514 3653 est

2190 330 2258 376 83

1264 461 1348 498 Cor.
1385 462 1423 498 5.
1485 460 1703 498 Newtonus
1738 471 1818 497 non
1850 459 1966 498 tradit
2001 464 2256 511 quantitatem

1206 511 1323 561 hujus
1343 513 1568 563 aequationis
1587 514 1740 563 qualem
1761 513 1868 550 illam
1897 526 1943 551 ex
1973 515 2132 554 calculis
2149 519 2259 557 inve-

1205 564 1275 611 nit,
1297 567 1363 602 sed
1382 566 1436 603 ait
1453 566 1528 613 ille,
1563 570 1662 606 Haec
1693 569 1857 617 aequatio
1890 582 2007 618 quam
2042 580 2259 612 semestrem

1204 620 1337 656 vocabo
1357 620 1401 657 in
1420 623 1631 659 octantibus
1663 623 1809 670 apogcei
1828 624 1983 672 quando
2002 626 2168 662 maxima
2200 634 2254 665 est

1203 674 1373 710 ascendit
1404 676 1457 710 ad
1489 674 1535 711 3'.
1556 674 1641 713 45⁶-
1663 677 1811 713 circiter
1829 682 2019 725 quantum
2038 690 2082 714 ecc
2095 681 2254 727 phreno-

1203 726 1326 763 menis
1345 727 1511 775 colligere
1523 730 1646 776 potui.
1707 729 1805 767 Haec
1822 736 1877 766 esc
1895 728 1976 778 ejus
1994 733 2190 779 quantitas
2209 736 2256 772 in

1204 780 1382 816 mediocri
1418 782 1509 817 Solis
1544 779 1724 820 distantia
1763 796 1786 819 a
1824 780 1958 821 Τεννᾶ.
2021 784 2177 823 Scilicet
2212 786 2256 823 in

1203 831 1479 880 hypothesibus
1498 834 1638 872 nostris
1664 834 1837 882 apsidem
1865 843 1903 873 et
1925 837 2083 874 Terram
2113 838 2254 876 immo-

1202 890 1282 922 tam
1301 885 1590 933 assumpsimus,
1623 886 1715 924 cum
1734 887 1774 925 id
1793 900 1923 927 revera
1942 902 2021 927 non
2041 890 2088 928 sit
2104 906 2114 937 ;
2145 891 2253 930 ideo-

1201 949 1290 987 que,
1313 938 1345 975 si
1364 939 1596 976 concedatur
1622 952 1694 977 nos
1720 942 1892 990 attigisse
1912 956 2046 981 verum
2068 945 2253 984 Newtoni

1203 991 1410 1037 calculum,
1449 992 1615 1042 aequatio
1647 1006 1715 1042 per
1747 995 1940 1033 calculum
1981 997 2136 1036 inventa
2173 1012 2252 1036 non

1201 1044 1316 1093 plane
1335 1044 1468 1082 eadem
1490 1046 1561 1083 erit
1579 1059 1669 1083 cum
1688 1046 1787 1093 vera,
1811 1061 1948 1096 parum
1967 1057 2095 1089 tamen
2117 1052 2251 1090 admo-

1201 1097 1298 1135 dum
1316 1100 1362 1136 ab
1383 1098 1449 1136 illa
1469 1098 1646 1146 differet3
1668 1108 1850 1138 caeterum
1870 1115 2005 1140 ornnes
2025 1106 2252 1154 aequati'onis

1201 1164 1300 1189 verae
1320 1152 1424 1202 leges
1450 1165 1497 1189 ex
1526 1152 1573 1189 iis
1599 1165 1687 1202 quae
1705 1166 1774 1202 per
1800 1155 1916 1192 istum
1937 1157 2132 1195 calculum
2151 1160 2252 1197 obti-

1200 1212 1343 1242 nentur
1363 1203 1499 1243 merito
1519 1204 1772 1254 deducentur,
1803 1215 1840 1245 et
1868 1221 1923 1245 eae
1942 1209 2034 1258 ipsae
2053 1221 2145 1250 sunt
2164 1225 2252 1262 quae

1200 1257 1242 1295 in
1278 1258 1581 1306 praecedentibus
1617 1261 1762 1298 Coroll·
1793 1269 1885 1298 sunt
1913 1263 2146 1311 constitutae,
2184 1266 2252 1304 sed

1201 1312 1377 1349 absoluta
1413 1313 1639 1362 aequationis
1667 1314 1860 1364 quantitas
1892 1329 1938 1352 ex
1976 1319 2249 1364 observatione,

1200 1377 1281 1403 non
1300 1378 1347 1402 ex
1366 1365 1528 1412 calculo,
1549 1375 1606 1404 est
1624 1368 1801 1415 petenda,
1818 1367 2005 1407 differunt
2022 1378 2151 1408 autern
2171 1372 2250 1409 cal-

1200 1418 1314 1455 culus
1342 1426 1381 1456 et
1412 1419 1467 1456 rei
1499 1421 1637 1457 veritas
1669 1420 1727 1459 :3¹2
1762 1421 1952 1461 duntaxat
1970 1423 2075 1474 quod
2094 1425 2252 1463 theoriae

1198 1473 1460 1521 praestantiam
1479 1473 1713 1512 sufficienter
1730 1476 1878 1523 probat·

1198 1607 1263 1645 De
1273 1608 1483 1657 oequatione
1500 1607 1622 1647 motas
1636 1611 1786 1648 lunaris
1799 1612 1968 1650 semestri
1984 1615 2152 1652 secunda
2165 1627 2253 1664 quae

1244 1664 1387 1713 pendet
1419 1674 1462 1698 ea·
1488 1664 1670 1711 positione
1700 1665 1812 1703 lineae
1844 1668 2046 1713 nodorum,
2080 1675 2253 1717 respectu

1250 1715 1363 1753 lineae
1380 1717 1638 1766 syzygiarum·

1253 1820 1319 1858 Ex
1357 1820 1607 1859 inclinatione
1643 1822 1779 1862 orbitae
1815 1823 1966 1863 lunaris
2000 1825 2051 1864 ad
2088 1826 2252 1877 planum

1198 1873 1385 1922 eclipticae
1405 1875 1449 1913 fit
1467 1883 1512 1913 ut
1530 1888 1618 1924 pars
1636 1877 1798 1915 actionis
1821 1878 1921 1916 Solis
1941 1890 2193 1919 consumatur
2210 1882 2254 1919 in

1197 1926 1282 1975 ipso
1299 1927 1418 1976 plano
1452 1929 1586 1967 orbitoe
1606 1929 1753 1968 lunarIS
1784 1930 1834 1969 ad
1865 1931 2029 1980 planum
2063 1934 2254 1983 eclipticae

1198 1979 1455 2028 admovendo,
1485 1981 1617 2032 sicque
1636 1991 1717 2021 tota
1735 1996 1814 2021 non
1834 1995 2057 2034 occupetur,
2088 1995 2133 2024 ut
2159 1989 2254 2026 hac-

1197 2040 1313 2071 tenus
1340 2035 1583 2084 suppositum
1603 2036 1732 2074 fuerat
1756 2037 1797 2074 in
1824 2037 2073 2078 distrahendo
2095 2041 2253 2078 Lunam

1197 2099 1221 2125 a
1243 2087 1374 2125 Terrae
1394 2096 1526 2126 centro
1544 2097 1612 2128 aut
1632 2090 1740 2127 illam
1767 2091 1816 2129 ad
1843 2091 1884 2129 id
1911 2094 2152 2139 attrahendo,
2183 2102 2253 2132 aut

1197 2139 1276 2179 alio
1294 2141 1412 2179 modo
1433 2143 1592 2180 Lunam
1619 2143 1661 2180 in
1690 2145 1845 2193 proprio
1865 2146 1950 2196 ejus
1968 2147 2086 2195 plano
2105 2148 2252 2185 accele-

1196 2192 1320 2231 rando
1346 2202 1416 2233 aut
1441 2196 1685 2234 retardando·
1746 2198 1857 2236 Hinc
1884 2200 2120 2250 aequationes
2145 2201 2254 2251 prius

1195 2246 1365 2286 inventae
1384 2248 1485 2287 nova
1504 2250 1740 2289 correctione
1758 2250 1949 2304 indigent.

1577 2426 1797 2468 PROBL.
1832 2429 1870 2469 1.

1253 2551 1435 2592 luvenire
1461 2559 1611 2602 partem
1644 2554 1808 2594 actionis
1840 2554 1941 2593 Solis
1972 2568 2061 2606 quae
2091 2555 2250 2594 Lunam

1197 2606 1416 2643 secundum
1436 2606 1587 2644 radium
1607 2609 1691 2658 ejus
1719 2609 1854 2646 orbitae
1872 2608 2001 2655 trahit,
2031 2608 2186 2646 sublata
2204 2610 2251 2647 ea

1198 2666 1306 2707 parte
1319 2659 1480 2696 actionis
1498 2660 1597 2697 Solis
1608 2673 1696 2710 quae
1710 2661 1955 2700 consumitur
1972 2662 2014 2699 in
2032 2661 2117 2711 ipso
2131 2663 2249 2711 plano

1198 2711 1335 2749 orbitae
1356 2712 1503 2750 lunaris
1522 2712 1765 2751 dimovendo.

1254 2765 1313 2803 Sit
1351 2765 1390 2803 A
1427 2766 1464 2803 T
1500 2766 1536 2803 B
1572 2765 1676 2803 linea
1712 2766 1959 2818 syzygiarum
1990 2767 2032 2805 in
2061 2768 2248 2817 eclipticae

1196 2817 1343 2866 plano3
1375 2819 1417 2856 N
1439 2819 1475 2857 T
1495 2831 1521 2855 n
1548 2818 1652 2857 linea
1671 2821 1891 2865 nodorum;
1925 2821 1960 2859 P
1988 2821 2097 2859 locus
2117 2822 2248 2859 Lunae

1195 2871 1238 2909 in
1256 2872 1413 2922 propria
1430 2872 1552 2911 orbita
1559 2887 1572 2921 ;
1604 2872 1640 2911 P
1661 2873 1711 2921 L,
1734 2873 1770 2912 L
1791 2874 1840 2914 M
1860 2873 2089 2913 directiones
2106 2875 2247 2914 virium

1185 3819 1229 3857 in
1259 3831 1356 3870 quas
1373 3818 1578 3858 resolvitur
1605 3817 1663 3856 vis
1693 3817 1807 3864 Solis,
1840 3829 2005 3868 quarum
2042 3817 2078 3856 P
2107 3818 2149 3866 ,L
2182 3824 2241 3856 est

79 3864 346 3911 ·065590872‚
378 3864 449 3902 &c.
487 3865 594 3916 quod
625 3867 790 3906 ductum
819 3882 889 3919 per
925 3877 980 3912 60
1015 3872 1133 3913 efficit·
1185 3872 1371 3923 parallela
1392 3873 1430 3912 T
1450 3873 1499 3911 M
1519 3880 1557 3910 et
1577 3872 1615 3910 L
1635 3872 1684 3911 M
1704 3872 1888 3922 parallela
1906 3871 2013 3909 radio
2033 3872 2071 3909 T
2093 3871 2139 3910 P.

80 3911 250 3959 3'·9354,
285 3923 325 3955 et
359 3921 480 3958 .9354
498 3918 664 3958 ductum
695 3935 765 3970 per
794 3928 859 3971 60,
893 3925 1012 3966 efficit
1045 3926 1131 3968 56”ο

84 3960 150 4006 Ita
167 3974 212 4007 ut
229 3974 312 4009 tota
330 3971 498 4023 aequatio
516 3972 565 4012 sit
584 3974 633 4014 8‘.
655 3976 740 4018 56⁶.
761 3977 833 4016 &c-

1246 3927 1428 3965 Ducatur
1445 3939 1493 3965 ex
1514 3926 1562 3964 M
1582 3926 1622 3962 in
1642 3925 1803 3974 planum
1833 3925 1967 3964 orbitae
1984 3925 2132 3963 lunaris
2151 3936 2232 3973 pro-

1190 3979 1353 4020 ductum
1376 3979 1702 4031 perpendicularis
1732 3980 1780 4019 M
1795 3980 1852 4025 m,
1881 3979 2047 4018 ducatur
2064 3978 2104 4016 in
2124 3978 2243 4028 plano
