2540 4296
79 309 263 363 Lmffiz
287 306 590 371 Tum-las]
649 300 1047 357 PRINCIPIA
1091 299 1711 353 MATHEMATICA.
2124 309 2225 356 135

79 451 273 502 tardius
309 448 653 500 revolventur.
730 445 808 498 Ut
844 444 885 494 si
924 443 1034 493 axis
1071 443 1211 494 orbis
1247 453 1463 495 cometae
1489 444 1553 497 sit
1579 442 1876 514 quadruplo
1896 445 2093 513 majore
2127 462 2227 497 axe

74 542 214 592 orbis
256 539 478 602 Saturni,
522 548 725 605 tempus
762 532 1097 585 revolutionis
1137 541 1352 585 cometae
1395 534 1498 586 erit
1532 533 1602 585 ad
1645 544 1849 603 tempus
1886 532 2223 586 revolutionis

76 632 301 694 Saturni,
343 632 398 683 id
433 640 526 695 est,
567 629 634 681 ad
671 644 833 679 annos
874 632 958 677 30.
997 634 1056 676 ut
1092 632 1125 677 4«
1164 625 1215 678 Μ
1258 633 1291 679 4«
1321 628 1434 697 (seu
1461 625 1516 692 8)
1558 626 1626 678 ad
1656 633 1700 678 1.
1738 626 1960 696 ideoque
1996 626 2095 678 erit
2130 645 2223 678 an-

69 737 259 772 norum
286 727 405 773 240.

146 812 309 862 Corol.
334 816 384 861 2.
426 809 489 878 (Ρ)
520 806 691 859 Orbes
728 813 902 856 autem
928 812 1081 855 erunt
1115 802 1376 873 parabolis
1402 802 1534 854 adeo
1557 803 1780 867 finitimi,
1821 813 1880 855 ut
1903 823 2084 857 eorum
2108 805 2221 858 vice

67 897 330 966 parabolae
355 898 464 949 sine
491 894 750 947 erroribus
778 894 1104 945 sensibilibus
1131 891 1367 944 adhiberi
1390 892 1606 959 possint.

144 992 307 1042 Corol.
336 997 384 1040 3.
425 987 494 1039 Et
529 996 806 1056 propterea
845 990 962 1055 (per
1005 986 1181 1038 Corol.
1223 990 1271 1041 7.
1312 985 1472 1053 Prop.
1514 985 1671 1036 XVI.
1712 985 1831 1038 Lib.
1869 987 1935 1052 I.)
1974 987 2216 1040 velocitas

68 1090 283 1131 cometae
308 1079 491 1141 omnis,
522 1079 618 1129 erit
645 1096 847 1147 semper
865 1078 928 1147 (¹³)
951 1077 1019 1129 ad
1044 1078 1368 1130 velocitatem
1392 1077 1614 1146 planetae
1635 1079 1856 1147 cujusvis
1884 1079 2018 1130 circa
2043 1080 2215 1131 Solem

65 1172 120 1222 in
144 1171 339 1223 circulo
363 1170 691 1232 revolventiS,
731 1170 785 1221 in
822 1168 1180 1238 subduplicatfi
1206 1170 1406 1222 ratione
1432 1170 1607 1240 duplae
1633 1171 1890 1223 distantiae
1925 1172 2148 1240 planetae
2185 1192 2219 1224 a

65 1270 242 1312 centro
271 1261 420 1323 Solis,
449 1260 517 1311 ad
542 1259 838 1311 distantiam
864 1268 1080 1314 cometae
1113 1278 1145 1310 a
1180 1268 1361 1313 centro
1390 1259 1523 1312 Solis
1551 1260 1963 1330 quamproxime.
2042 1261 2216 1313 Pona—

62 1370 178 1403 mus
204 1352 407 1403 radium
432 1352 569 1403 orbis
594 1350 787 1421 magni,
829 1368 920 1401 seu
946 1349 1185 1418 ellipseos
1219 1350 1274 1400 in
1301 1348 1399 1419 quii
1430 1351 1599 1402 Terra
1623 1350 1920 1413 revolvitur,
1951 1352 2215 1403 semi-dia-

61 1451 286 1493 metrum
311 1441 592 1492 maximam
618 1458 730 1491 esse
753 1439 981 1508 partium
1010 1446 1351 1492 lOOOOOOOO:
1384 1441 1442 1509 (r)
1462 1450 1513 1492 et
1539 1440 1709 1492 Terra
1733 1449 1878 1492 motu
1906 1460 1999 1493 suo
2026 1442 2215 1495 diurno

61 1532 312 1585 mediocri
361 1532 618 1585 describet
663 1542 836 1601 partes
890 1537 1151 1595 1720212,
1204 1541 1256 1583 et
1303 1540 1449 1582 motu
1496 1529 1708 1582 horario
1758 1540 1930 1600 partes
1983 1537 2212 1600 716755.

62 1622 295 1693 Ideoque
333 1634 532 1676 cometa
569 1624 623 1675 in
662 1623 844 1675 eadem
887 1623 1114 1675 Telluris
1152 1643 1183 1675 a
1230 1623 1351 1675 Sole
1394 1621 1635 1675 distantia
1678 1623 1943 1686 mediocri,
1992 1621 2050 1675 ea
2095 1643 2215 1676 cum

60 1712 331 1764 velocitate
368 1731 485 1783 quae
523 1713 588 1764 sit
625 1712 693 1764 ad
729 1712 1053 1764 velocitatem
1090 1712 1317 1764 Telluris
1353 1721 1413 1764 ut
1449 1713 1500 1764 xl
1534 1719 1566 1763 2
1594 1712 1662 1764 ad
1690 1719 1736 1774 1,
1778 1711 2035 1764 describet
2068 1723 2213 1766 motu

60 1819 156 1852 suo
196 1800 383 1852 diurno
424 1811 596 1870 partes
637 1806 904 1864 2432747,
948 1810 1000 1853 et
1039 1810 1186 1853 motu
1228 1800 1440 1853 horario
1481 1811 1654 1870 partes
1703 1804 1967 1867 1013645.
2045 1804 2102 1871 (⁵)
2149 1803 2215 1855 In

60 1891 342 1960 majoribus
368 1902 542 1943 autem
565 1891 648 1943 vel
671 1891 957 1944 minoribus
978 1892 1246 1956 distantiiS,
1274 1902 1444 1944 motus
1471 1903 1582 1944 tum
1602 1892 1818 1944 diurnus
1838 1902 1949 1944 tum
1973 1892 2213 1968 horarius

61 1980 158 2031 erit
182 1980 250 2031 ad
285 1980 427 2032 hunc
451 1990 651 2033 motum
677 1981 924 2033 diurnum
949 1990 1000 2034 et
1023 1981 1293 2034 horarium
1322 1983 1377 2034 in
1404 1981 1764 2052 subduplicata
1790 1983 1991 2036 ratione
2017 1984 2214 2037 distan-

60 2069 251 2120 tiarum
274 2069 555 2139 reciproce,
582 2070 805 2140 ideoque
829 2070 1007 2122 datur.

138 2160 302 2211 Corol.
329 2166 379 2211 4.
421 2159 478 2227 (¹⁵)
509 2157 669 2211 Unde
706 2159 749 2210 si
784 2158 918 2211 latus
943 2168 1145 2210 rectum
1179 2159 1443 2229 parabolae
1469 2159 1760 2231 quadruplo
1784 2161 1950 2231 majus
1976 2161 2042 2213 sit
2065 2161 2214 2214 radio

117 2294 174 2346 (Ρ)
197 2297 218 2320 ⁴¹⁸
238 2296 350 2334 orbes
364 2303 494 2334 autem
505 2303 622 2334 erunt
631 2297 823 2345 parabolis
836 2294 1102 2349 adeafinitimi.
1163 2301 1275 2349 drati,
1296 2301 1371 2339 hoc
1389 2307 1445 2338 est
1464 2304 1503 2346 2,
1525 2306 1563 2337 et
1581 2311 1669 2337 area
1686 2299 1904 2348 parabolica
1925 2300 1965 2339 A
1984 2300 2020 2339 P
2038 2299 2085 2346 F,
2100 2300 2220 2352 hujus

67 2348 192 2386 orbes
219 2356 455 2387 cometarum
474 2357 566 2386 sunt
583 2348 794 2387 admodum
815 2349 1032 2395 excentrici,
1061 2356 1108 2387 ut
2066 2358 2092 2390 4

63 2413 110 2438 ex
130 2402 457 2439 observationibus
475 2401 681 2452 colligitur,
704 2410 742 2440 et
761 2402 872 2440 valde
892 2403 1035 2453 exigua
1054 2410 1111 2440 est
1161 2386 1381 2438 reetangun
1413 2385 1503 2423 ‘³¹¹ae
1539 2384 1661 2422 tertiae
1693 2393 1831 2434 pane&
1866 2386 1940 2423 hoc
1969 2393 2026 2423 ‘³⁵¹⁵
2054 2410 2104 2457 ’ξ
2133 2389 2222 2439 (per

62 2454 191 2502 portio
226 2455 329 2492 orbis
363 2467 481 2504 quem
526 2462 609 2493 toto
653 2456 901 2504 apparitionis
937 2464 1109 2503 tempore
1165 2473 1310 2511 Theon
1347 2473 1425 2511 IV,
1459 2471 1508 2510 de
1537 2474 1666 2519 parab·
1706 2472 1795 2511 Lib·
1834 2472 1907 2523 L).

63 2507 294 2551 describunt,
334 2508 476 2557 exiguo
513 2508 619 2545 enim
654 2508 836 2557 temporis
872 2508 993 2556 spatio
1029 2521 1110 2546 sese

63 2560 290 2609 conspicuos
316 2562 501 2609 praebent.
561 2561 712 2599 Verum
740 2561 771 2598 si
799 2561 840 2597 in
870 2561 992 2609 ellipsi
1020 2574 1110 2599 cen·
1213 2595 1219 2602 ,
1548 2584 1574 2615 4

63 2620 171 2650 trum
190 2613 240 2651 ad
258 2613 449 2651 infinitam
478 2615 526 2651 ab
544 2615 730 2652 umbilico
748 2613 966 2652 distantiam
986 2627 1111 2652 remo·
1167 2611 1204 2649 A
1229 2612 1262 2650 F
1282 2611 1460 2661 descripti
1479 2619 1582 2649 ut—
1604 2611 1652 2649 ad
1667 2616 1855 2652 5.14159.
1920 2612 1959 2650 Si
1979 2612 2099 2662 igitur
2118 2611 2222 2650 velo-

65 2674 210 2712 veatur‚
241 2667 365 2716 portio
397 2666 540 2716 ellipsis
571 2668 684 2718 cujus
715 2668 878 2705 abscissa
905 2667 1015 2705 finita
1041 2675 1110 2713 est,
1548 2650 1571 2683 3

64 2718 144 2757 abit
170 2719 210 2756 in
230 2719 461 2768 parabolam.
527 2719 663 2765 Quare
680 2720 838 2768 elliptici
857 2723 966 2759 orbes
983 2733 1112 2758 come·
1688 2712 1744 2760 A

64 2779 193 2809 tarum
212 2781 326 2811 erunt
343 2773 531 2822 parabolis
550 2772 843 2811 valdefinitimi.

121 2820 177 2877 (⁶¹)
207 2829 228 2849 ‘
260 2829 326 2866 Ad
356 2828 588 2865 velocitatem
611 2829 782 2877 planetae
811 2828 977 2877 cujusvis
1009 2826 1112 2867 circ&

67 2881 189 2918 Solem
216 2881 259 2919 in
286 2882 429 2919 circulo
449 2882 669 2920 revolventis
684 2899 697 2926 ,·
729 2882 802 2918 hoc
820 2889 889 2927 est,
909 2881 960 2919 ad
973 2880 1112 2918 veloci-

66 2940 186 2970 tatem
205 2933 289 2984 ejus
305 2933 550 2972 mediocrem.

121 2985 177 3037 (¹')
200 2988 220 3011 ³*
243 2988 300 3024 Et
334 2989 466 3030 Terra.
529 2986 614 3025 Fiat
639 2988 723 3025 haec
749 2986 947 3038 analogia:
985 2994 1031 3025 ut
1057 2994 1115 3025 est

67 3045 222 3087 tempus
248 3039 485 3088 periodicum
508 3040 638 3078 Terrae
655 3038 754 3078 circa
775 3041 905 3078 Solem
925 3040 973 3077 ad
991 3048 1114 3078 totam

67 3091 320 3140 peripheriam
347 3092 479 3130 circuli
507 3097 542 3130 5.
557 3097 640 3139 141,
668 3093 723 3131 ita
741 3094 822 3131 dics
840 3107 920 3131 una
938 3093 998 3131 vel
1016 3095 1111 3131 hora

67 3157 148 3183 una
165 3145 214 3183 ad
241 3153 388 3194 partem
415 3145 640 3196 peripheriae
659 3146 739 3185 una
757 3147 821 3185 die
839 3147 900 3184 vel
918 3147 1010 3184 horit
1033 3146 1113 3185 unii

68 3197 310 3247 descriptam.

123 3250 176 3302 (⁸)
194 3255 215 3278 ὓ
232 3255 283 3294 ln
303 3252 509 3303 majoribus
526 3261 655 3292 autem
668 3255 723 3292 vel
733 3255 952 3292 minoribus.
996 3254 1108 3305 (Cor.
1260 3115 1363 3274 f

69 3308 107 3342 6.
132 3303 250 3353 Prop.
271 3305 348 3343 IV.
372 3312 411 3343 et
432 3306 547 3355 Prop.
567 3306 663 3344 XV.
685 3306 773 3345 Lib.
794 3307 830 3344 1.
849 3307 910 3344 vel
928 3319 996 3356 per
1018 3307 1108 3346 Cor.
1219 3274 1261 3345 s

70 3362 108 3396 6.
135 3356 253 3406 Prop.
278 3357 397 3397 XVI.
420 3359 593 3408 ejusdem
613 3359 758 3410 Libri.)

124 3409 178 3462 (²)
211 3414 233 3435 *²
277 3410 387 3450 Unde}
418 3413 451 3450 si
480 3415 583 3451 latus
611 3421 770 3452 rectum.
830 3413 896 3451 Ex
928 3412 1114 3451 umbilico

68 3463 260 3512 parabolae
291 3463 337 3510 F,
366 3463 529 3502 ducatur
556 3465 605 3504 ad
633 3479 745 3505 axem
783 3467 821 3504 A
853 3467 908 3512 D,
939 3466 1115 3504 ordinata

73 3513 110 3553 P
132 3515 177 3561 Ε,
206 3516 277 3553 erit
302 3529 390 3554 area
419 3517 457 3554 A
474 3516 511 3555 P
525 3518 569 3563 F,
599 3520 647 3558 ad
666 3533 792 3559 aream
813 3519 945 3557 droun
974 3518 1112 3569 quani¹
1163 3533 1257 3572 citas
1274 3542 1434 3573 cometae
1452 3535 1680 3574 revolventis
1697 3536 1738 3575 in
1767 3539 1945 3587 parabola
1964 3540 2096 3580 eadem
2117 3550 2215 3582 esset

1973 2471 2105 2518 Quare
2134 2486 2223 2510 area

1161 2526 1381 2576 parabolica
1416 2528 1454 2564 A
1477 2527 1509 2564 P
1535 2525 1580 2570 F,
1620 2535 1676 2564 est
1708 2526 1758 2564 ad
1786 2540 1914 2564 aream
1947 2526 2081 2564 circuli
2114 2526 2222 2564 radio

1489 2960 1521 3004 P
1731 2938 1767 2976 E*

1736 3383 1782 3423 D

69 3576 176 3618 parte
195 3568 322 3608 lateris
339 3569 430 3607 recti
444 3583 514 3609 seu
528 3571 635 3611 radio
653 3575 689 3612 A
705 3573 738 3611 F
752 3571 930 3621 descripti
947 3572 1109 3624 (Theor.

72 3653 137 3694 11.
168 3653 217 3692 de
245 3654 434 3704 parabola,
476 3655 565 3695 Lib.
604 3657 663 3708 1.)
696 3666 741 3697 ut
769 3631 820 3729 -Ξ-
848 3659 898 3696 ad
926 3662 1115 3699 3.14159.

71 3739 179 3778 Nam
205 3739 237 3778 si
263 3741 392 3779 radius
419 3741 552 3779 circuli
579 3750 754 3781 sumatur
780 3744 938 3794 aequalis
959 3744 1112 3790 unitati,

70 3792 143 3831 erit
177 3806 264 3831 area
299 3794 432 3833 circuli
476 3795 525 3833 ad
560 3796 791 3845 quadratum
835 3798 1023 3843 diametri,
1070 3805 1115 3836 ut

70 3849 243 3886 3.14159
262 3847 310 3885 ad
337 3852 375 3885 4.
437 3848 512 3887 Sed
539 3849 810 3899 rectangulum
837 3852 909 3887 sub
936 3849 1113 3889 ordinatii

68 3897 153 3937 PF
178 3905 216 3937 et
242 3900 404 3939 abscissa
435 3902 467 3940 F
488 3902 541 3948 A,
570 3909 627 3940 est
654 3902 859 3941 dimidium
883 3903 1000 3954 hujus
1017 3917 1111 3954 qua-

1164 3600 1255 3624 cum
1287 3588 1487 3626 velocitate
1519 3589 1683 3638 planetae
1717 3594 1887 3642 gyrantis
1915 3593 1957 3630 in
1986 3595 2143 3641 circulo,
2173 3597 2214 3634 in

1166 3638 1302 3678 eadem
1323 3654 1477 3691 quoque
1504 3644 1653 3680 ratione
1670 3645 1771 3682 foret
1798 3653 1951 3695 tempus
1969 3660 2046 3697 quo
2065 3660 2216 3687 cometa

1165 3694 1343 3731 describit
1361 3707 1492 3732 arcum
1513 3697 1704 3745 parabolae
1726 3698 1763 3735 A
1783 3700 1832 3747 P,
1851 3701 1900 3737 ad
1919 3708 2073 3749 tempus
2091 3703 2216 3750 perio-

1166 3745 1297 3783 dicum
1327 3747 1501 3795 planetae.
1582 3750 1658 3787 Sed
1688 3751 1867 3790 velocitas
1893 3762 2054 3793 cometae
2081 3763 2138 3793 est
2163 3756 2214 3794 ad

1168 3800 1408 3837 velocitatem
1436 3801 1601 3850 planetae
1630 3803 1672 3841 in
1699 3803 1838 3843 eadem
1866 3806 2045 3846 distantia
2072 3822 2095 3847 a
2125 3809 2216 3848 Sole

1167 3860 1212 3890 ut
1233 3855 1285 3904 γ
1310 3858 1334 3890 2
1352 3853 1401 3891 ad
1426 3859 1458 3900 l,
1488 3855 1530 3893 in
1555 3854 1629 3894 hac
1655 3856 1775 3907 igitur
1798 3860 1946 3898 ratione
1964 3861 2216 3901 diminuenda

1165 3914 1222 3945 est
1248 3907 1351 3956 prior
1377 3908 1485 3947 ratio.
1561 3909 1678 3949 Unde
1706 3918 1858 3962 tempus
1876 3926 1954 3965 quo
1972 3925 2121 3955 cometa
2149 3918 2216 3956 de.
