2540 4296
109 322 295 373 LIBER
312 317 612 383 TERTIUS]
658 311 1060 369 PRINCIPIA
1101 308 1725 364 MATHEMATICA.
2155 317 2256 366 127

107 463 189 515 vel
214 460 541 513 decremento
566 457 835 520 nonnullo,
865 456 1003 527 quod
1031 475 1062 508 a
1086 463 1302 507 cometae
1325 463 1472 507 motu
1498 454 1799 526 inaequabili
1819 454 1872 505 in
1890 455 2015 506 orbe
2041 458 2258 525 proprio

107 554 231 606 oriri
255 534 433 622 possit.
507 551 772 603 Distantia
794 546 920 600 vero
947 557 1162 599 cometae
1187 564 1257 598 ex
1282 545 1382 598 hssc
1405 547 1661 616 parallaxi
1689 547 1763 598 sio
1789 546 2068 617 colligitur.
2145 549 2259 600 De·-

108 645 277 715 signet
305 645 342 697 S
373 644 562 707 Solem,
602 660 634 693 a
658 660 686 692 c
712 640 764 691 T
800 639 980 691 orbem
1017 655 1281 709 magnum,
1321 655 1353 688 a
1387 637 1563 689 locum
1589 637 1773 688 Terrae
1809 637 1864 687 in
1899 636 2260 690 observatione

105 732 290 803 primu,
320 753 348 785 c
371 733 544 785 locum
571 731 754 784 Terrae
780 729 834 780 in
860 728 1220 782 observatione
1246 726 1417 792 tertizi,
1443 727 1495 780 T
1522 727 1697 780 locum
1725 727 1909 781 Terrae
1935 728 1990 781 in
2016 729 2261 783 observa-

108 826 248 878 tione
273 824 470 888 ultimfi,
508 834 560 876 et
585 823 636 875 T
661 833 712 870 ‘V'
741 822 931 873 lineam
957 830 1151 873 rectam
1176 837 1357 871 versus

104 914 418 983 principium
444 913 636 965 Arietis
673 912 898 964 ductam.
978 911 1226 963 Sumatur
1262 926 1354 960 an·
1424 914 1471 957 V
2167 955 2218 1000 γ.

104 1006 257 1077 gulus
283 1016 334 1053 ‘v'
363 1005 416 1057 T
441 1005 492 1056 V
518 1004 728 1075 aequalis
765 1004 961 1075 angulo
989 1013 1040 1051 ‘v'
1073 1002 1126 1064 Q
1156 1001 1216 1064 F,
1254 1000 1357 1052 hoc

105 1104 197 1158 est,
237 1094 449 1165 aequalis
486 1094 798 1166 longitudini
826 1103 1041 1145 cometae
1066 1091 1157 1143 ubi
1184 1090 1353 1143 Terra

103 1196 337 1238 versatur
361 1187 417 1238 in
444 1186 512 1238 T.
585 1186 619 1238 J
624 1196 847 1257 ungatur
872 1205 902 1237 a
928 1204 973 1248 c,
1014 1193 1065 1236 et
1091 1182 1351 1252 produca-

103 1283 264 1326 turea
289 1274 355 1326 ad
380 1293 432 1345 g,
459 1284 518 1326 ut
538 1272 1023 1348 sitagadacutA
1045 1270 1259 1324 GadA
1281 1269 1344 1333 C,

103 1378 156 1420 et
180 1369 277 1421 erit
301 1388 338 1440 g
361 1369 505 1421 locus
530 1387 686 1439 quem
713 1369 882 1420 Terra
906 1377 1142 1436 tempore
1168 1365 1347 1417 obser-

102 1458 320 1511 vationis
346 1459 559 1523 ultimae,
602 1468 746 1511 motu
783 1460 839 1510 in
863 1458 1005 1511 rect&
1032 1478 1063 1510 a
1092 1477 1119 1510 c
1145 1457 1344 1510 unifor-

101 1548 254 1600 miter
298 1548 613 1613 continuato,
661 1549 953 1621 attingeret.
1032 1549 1266 1618 Ideoque
1304 1547 1345 1598 si

101 1638 322 1693 ducatur
355 1661 391 1713 g
416 1651 466 1689 ‘v‘
496 1641 594 1710 ipsi
622 1642 673 1694 T
700 1651 751 1690 ‘V'
778 1640 1042 1711 parallela,
1082 1651 1135 1693 et
1171 1640 1345 1710 capia-

100 1738 187 1781 tur
211 1730 431 1802 angulus
458 1741 508 1779 ‘V'
536 1750 573 1802 g
589 1731 639 1780 V
664 1731 856 1802 angulo
882 1740 932 1778 ‘Y‘
964 1731 1017 1793 Q
1038 1730 1092 1782 G
1117 1728 1345 1799 aequalis,

102 1818 200 1869 erit
223 1817 309 1870 hic
333 1820 553 1891 angulus
580 1829 631 1867 ‘V‘
660 1839 697 1891 g
722 1821 773 1871 V
800 1819 1012 1890 aequalis
1036 1815 1355 1889 longitudini

101 1916 316 1958 cometae
342 1926 370 1959 e
394 1907 509 1959 loco
535 1928 571 1980 g
596 1909 830 1977 spectati3
869 1918 922 1960 et
947 1907 1167 1979 angulus
1194 1906 1246 1957 T
1273 1904 1325 1956 V
1351 1923 1388 1975 g
1407 1898 1695 1972 parallaxis
1730 1896 1846 1959 erit,
1889 1912 2007 1966 quae
2045 1894 2211 1945 oritur
2236 1912 2267 1943 a

102 1998 434 2051 translatione
462 1999 646 2051 Terrae
672 1999 739 2052 de
762 1999 881 2051 loco
907 2018 943 2071 g
967 1999 1021 2050 in
1045 1997 1220 2049 locum
1247 1995 1298 2047 T
1319 2015 1331 2046 z
1365 2012 1428 2046 ac
1453 1990 1676 2061 proinde
1696 1989 1745 2039 V
1766 1988 1914 2038 locus
1931 1985 2031 2037 erit
2047 1993 2263 2036 cometae

102 2088 157 2139 in
181 2087 339 2156 plano
367 2087 633 2157 eclipticae.
692 2088 752 2159 (ο)
784 2088 896 2141 Hic
921 2097 1094 2141 autem
1112 2086 1258 2138 locus
1283 2084 1335 2136 V
1365 2082 1494 2136 orbe
1516 2079 1662 2133 Jovis
1689 2074 1903 2129 inferior
1929 2092 2040 2126 esse
2065 2072 2211 2124 solet.

159 2232 214 2285 (ο)
239 2237 325 2271 151.
359 2236 381 2258 ²*
413 2235 493 2273 Hic
528 2241 658 2273 autem
684 2234 785 2273 Iocus
813 2236 855 2272 V.
1405 2270 1415 2277 ,
2095 2226 2168 2277 Μ

109 2287 233 2324 Recta
254 2286 354 2333 HV,
362 2287 500 2325 referat
512 2286 716 2337 vestigium
729 2299 859 2326 come-

107 2347 157 2377 tae
171 2339 211 2376 in
227 2339 344 2389 plano
355 2340 552 2389 eclipticae,
566 2341 720 2392 sintque
737 2341 787 2385 V,
806 2342 858 2388 G,

108 2393 159 2440 E,
177 2393 234 2439 H,
246 2401 411 2444 quatuor
422 2401 583 2432 cometae
594 2393 730 2432 loca'in
744 2394 861 2443 plano

109 2447 294 2496 eclipticae
321 2447 553 2497 praecedenti
589 2448 773 2486 methodo
799 2449 860 2485 in·
930 2469 936 2473 κ
1368 2467 1404 2507 Ϊ

105 2509 232 2538 venta.
283 2501 341 2539 sit
363 2502 402 2547 S,
427 2500 503 2546 sol,
529 2501 566 2538 A
587 2501 622 2538 B
642 2501 674 2539 c
691 2502 745 2547 D,
759 2503 861 2539 orbis
906 2516 961 2559 R
1396 2487 1424 2510 ‘⁴
2137 2493 2185 2535 P

104 2566 284 2604 magum,
304 2553 456 2605 sintque
479 2554 528 2598 A,
553 2555 596 2597 B,
622 2553 668 2600 C,
692 2554 743 2597 D,
764 2567 859 2604 qua-

106 2614 196 2645 tuor
216 2607 347 2645 Terrae
366 2608 451 2645 loca
468 2606 518 2644 ad
536 2614 712 2656 tempora
729 2609 859 2645 obser.

108 2660 310 2699 vationum
327 2669 432 2699 nota.
458 2661 508 2698 In
521 2660 716 2711 triangulo
734 2660 857 2707 ASB,

108 2713 253 2752 dantur
272 2713 390 2752 latera
413 2715 440 2752 S
462 2715 514 2760 A,
538 2714 565 2751 S
587 2714 637 2760 B,
667 2713 860 2764 daturque

107 2766 276 2818 angulus
299 2768 335 2805 A
361 2768 387 2805 S
410 2768 459 2813 B,
479 2767 696 2805 differentia
714 2767 860 2806 scilicet

105 2820 280 2858 locorum
315 2821 447 2859 Terrae
477 2833 499 2859 e
515 2856 518 2859 ,
535 2820 624 2859 Sole
661 2821 856 2868 visorum3

106 2872 223 2924 quare
259 2873 456 2912 dabuntur
492 2874 629 2924 anguli
669 2874 696 2912 S
736 2875 771 2911 A
805 2875 855 2921 B,

110 2928 137 2966 S
169 2929 200 2965 B
224 2930 274 2972 A,
310 2935 477 2978 notaque
514 2928 585 2965 erit
614 2929 655 2965 in
684 2927 858 2977 partibus

106 2980 397 3020 semi-diametri
441 2981 543 3019 orbis
583 2981 717 3032 magni
753 2989 858 3020 recta

107 3035 143 3071 A
159 3034 209 3080 Β,
221 3034 365 3073 chorda
377 3032 518 3084 nempe
534 3032 644 3071 arcus
654 3047 677 3071 a
696 3034 857 3073 Tellure

106 3086 258 3125 interim
271 3087 452 3137 percursi.
515 3087 668 3125 Rursus
678 3087 720 3124 in
739 3087 857 3125 trian.

105 3140 202 3191 gulo
220 3141 261 3179 K
282 3141 319 3179 A
340 3141 388 3187 B,
405 3141 546 3179 dantur
558 3151 693 3178 omnes
706 3142 854 3191 anguli,

106 3207 195 3232 nam
211 3194 326 3233 datur
339 3194 509 3244 angulus
532 3193 570 3230 K
591 3195 628 3230 A
650 3194 699 3240 B,
720 3195 785 3244 qui
802 3203 858 3232 est

107 3261 261 3286 summa
274 3248 333 3286 vel
352 3247 568 3286 differentia
589 3254 768 3285 notorum
787 3260 857 3284 an-

109 3301 293 3350 gulorum
318 3302 344 3339 S
366 3302 401 3339 B
426 3301 478 3346 A,
503 3301 529 3338 S
553 3300 587 3337 B
607 3300 661 3338 K.
726 3300 859 3345 Quare

107 3353 223 3393 datur
240 3354 337 3392 ratio
350 3354 516 3392 laterum
532 3353 569 3390 A
587 3353 641 3398 K,
663 3353 699 3392 A
722 3354 771 3400 B,
789 3354 858 3392 sed

108 3406 199 3445 data
214 3415 270 3445 est
287 3408 385 3445 ratio
402 3414 593 3445 rectarum
617 3407 644 3445 S
666 3407 718 3453 A,
744 3408 782 3444 A
807 3408 857 3453 B,

108 3459 263 3498 dabitur
281 3461 410 3510 itaque
428 3456 528 3498 ratio
558 3460 585 3497 S
607 3461 645 3498 A
661 3460 711 3498 ad
734 3460 776 3498 K
799 3461 852 3498 Α.

109 3514 168 3551 At
184 3513 315 3563 (131.)
336 3521 427 3551 nota
446 3520 503 3551 est
520 3512 618 3549 ratio
636 3513 737 3551 inter
759 3513 800 3551 K
820 3514 857 3552 O

107 3574 147 3604 et
168 3567 209 3604 K
229 3567 285 3613 H,
315 3566 529 3604 innotescet
546 3565 666 3617 igitur
683 3566 780 3605 ratio
798 3566 858 3603 in-

108 3627 165 3658 ter
186 3620 213 3658 S
232 3620 269 3658 A
282 3627 321 3658 et
340 3620 381 3657 K
400 3620 466 3666 H;
481 3618 600 3670 quare
610 3618 725 3657 datur
741 3620 778 3657 A
799 3619 857 3666 H,
1942 3619 1972 3699 χ

107 3672 289 3712 distantia
315 3680 476 3712 cometae
495 3685 519 3710 a
539 3670 660 3709 Terra
687 3672 727 3710 in
742 3673 860 3721 parti·-
1226 3658 1277 3701 B

106 3727 180 3765 bus
192 3726 485 3765 semi-diametri
500 3726 603 3764 orbis
617 3726 763 3776 magni.
798 3726 860 3763 Si-
1960 3715 2002 3755 0

102 3779 185 3817 mili
205 3780 317 3829 plane
344 3779 462 3818 modo
489 3778 734 3816 invenientur
760 3779 855 3818 alio-

100 3844 188 3871 rum
216 3833 389 3871 locorum
416 3833 607 3871 distantiae
634 3845 656 3869 a
686 3830 808 3870 Terrfi
837 3831 887 3877 E,
921 3831 972 3878 G,
1005 3830 1056 3879 V,
1085 3830 1148 3869 hic
1204 3830 1435 3870 methodum
1463 3830 1689 3883 expositam,
1726 3833 1818 3871 orbe
1854 3833 1882 3874 J
1885 3834 1966 3873 ovis
1989 3834 2146 3873 inferior
2174 3847 2255 3873 esse

100 3892 229 3923 autem
276 3886 385 3925 locus
421 3887 473 3932 V,
521 3886 601 3930 ubi,
640 3893 789 3924 cometa
829 3884 948 3923 videri
992 3884 1146 3931 desinit,
1199 3884 1308 3924 solet.

102 3950 151 3975 ex
195 3938 296 3977 datis
334 3937 666 3979 'observationibus
710 3939 806 3976 inito
850 3945 1035 3988 computo
1077 3951 1146 3988 per
1262 3943 1351 3979 1:352.
1398 3940 1571 3979 Cometae
1604 3938 1811 3991 vestigium
1848 3940 1889 3979 in
1926 3940 2042 3991 plano
2071 3941 2257 3992 eclipticae

1146 4010 1213 4049 13
