2540 4296
296 757 1188 839 PHILOSOPHIAE
1263 756 1353 837 Ν
1357 758 1982 839 ATURALIS

448 974 982 1039 PRINCIPIA
1038 973 1829 1038 MATHEMATICA.

695 1246 870 1286 LIBRI
899 1244 1113 1285 TERTH
1144 1245 1586 1286 CONTINUATIO.

368 1509 844 1565 PROPOSITIO
886 1513 1164 1568 XXXVI.
1243 1513 1676 1567 PROBLEMA
1717 1513 1905 1566 XVII.

577 1691 813 1743 Invenire
837 1694 934 1745 vim
959 1692 1088 1745 Solis
1112 1694 1183 1744 ad
1206 1692 1362 1745 Mare
1386 1693 1685 1743 movendum.

137 1873 299 1927 Soms
337 1873 411 1925 vis
452 1874 517 1926 M
552 1874 600 1926 L
639 1894 728 1927 seu
768 1876 814 1927 P
841 1876 907 1940 T,
948 1877 1003 1928 in
1040 1876 1364 1946 quadraturis
1402 1875 1687 1937 lunaribUS,
1729 1873 1794 1924 ad
1832 1869 2215 1942 perturbandos

61 1974 233 2015 motus
270 1964 478 2017 lunares
504 1976 615 2018 erat
653 1971 767 2036 (per
795 1967 955 2036 Prop.
984 1968 1172 2021 XXV.
1200 1968 1374 2037 hujus)
1403 1968 1470 2019 ad
1494 1967 1600 2019 vim
1625 1964 1889 2037 gravitatis
1929 1963 2069 2032 apud
2095 1981 2209 2024 nOS,

61 2061 120 2104 ut
150 2059 194 2103 1.
223 2052 290 2103 ad
317 2060 599 2107 6380926.
678 2056 749 2107 Et
773 2056 848 2108 vis
876 2057 928 2108 T
949 2056 1097 2108 M-
1121 2057 1169 2109 L
1196 2057 1262 2110 ΞΜ
1289 2075 1379 2109 seu
1405 2063 1437 2107 2
1467 2056 1511 2109 Ρ
1541 2056 1590 2107 Κ
1620 2055 1675 2106 in
1700 2053 1916 2125 syzygiis
1942 2052 2209 2103 lunaribus

51 2960 129 3004 est
152 2950 312 3020 duplo
337 2950 518 3020 major.
596 2950 704 3002 Hae
730 2959 902 3002 autem
928 2950 1078 3014 vireS‚
1117 2949 1158 3002 si
1185 2948 1528 3001 descendatur
1553 2947 1620 3001 ad
1647 2950 1971 3019 superficiem
1999 2951 2199 3016 Terrae,

50 3037 409 3090 din'iinuuntur
434 3039 490 3089 in
515 3038 714 3090 ratione
741 3039 1100 3091 distantiarum
1126 3058 1155 3090 a
1182 3048 1360 3090 centro
1386 3039 1585 3103 Terrae,
1614 3039 1670 3091 id
1696 3051 1787 3103 est,
1830 3041 1895 3110 (Χ)
1924 3041 1976 3091 in
2002 3042 2202 3093 ratione

52 3129 154 3193 607}-
183 3126 249 3177 ad
279 3133 300 3177 1
323 3145 337 3188 ;
365 3126 585 3196 ide6que
610 3127 687 3178 vis
714 3120 858 3195 prior
883 3129 936 3178 in
962 3127 1234 3196 superficie
1261 3127 1445 3178 Terrae
1471 3138 1547 3180 est
1572 3127 1639 3179 ad
1664 3128 1767 3179 vim
1792 3129 2056 3200 gravitatis
2084 3142 2141 3182 ut
2170 3139 2192 3182 1

50 3217 118 3268 ad
145 3225 445 3286 38604600.
524 3217 646 3269 Hac
672 3217 722 3268 vi
747 3236 889 3269 mare
915 3218 1221 3286 deprimitur
1247 3218 1301 3269 in
1325 3217 1467 3281 locis,
1496 3236 1613 3286 quae
1640 3227 1708 3271 90
1734 3219 1980 3290 gradibus
2007 3220 2200 3273 distant

50 3328 81 3360 a
110 3309 246 3361 Sole.
324 3309 393 3361 Vi
418 3309 595 3372 altera,
637 3328 753 3380 quae
778 3309 940 3378 duplo
964 3310 1129 3379 major
1154 3318 1246 3372 est,
1287 3327 1429 3360 mare
1455 3309 1684 3361 elevatur
1707 3320 1760 3362 et
1785 3310 1880 3362 sub
1922 3310 2042 3363 Sole
2068 3322 2119 3364 et
2144 3312 2198 3363 in

104 3468 165 3520 (¹)
197 3471 217 3493 ⁹*
240 3470 293 3507 In
312 3470 457 3508 ratione
478 3469 557 3521 607}
575 3474 627 3508 ad
657 3474 691 3509 1.
754 3468 1098 3515 Quemadmodhm
1151 3468 1316 3519 analoga
1334 3476 1391 3507 est
1408 3469 1516 3507 radio
1532 3469 1675 3515 Terrae,
1697 3482 1778 3508 esse
1791 3469 1839 3507 ad
1855 3469 1931 3507 vim
1947 3471 2195 3519 centripetam

49 3521 92 3559 in
114 3522 231 3569 Prop.
254 3522 398 3559 XXV.
430 3522 736 3561 demonstratum
764 3531 821 3561 est
847 3535 932 3561 eam
952 3531 1099 3571 partem
1153 3523 1282 3560 Lunae
1300 3523 1341 3559 in
1363 3523 1521 3560 Terram
1549 3522 1592 3560 in
1618 3523 1764 3561 ratione
1782 3523 1879 3561 radii
1902 3524 2032 3561 Terrae
2060 3524 2107 3560 ad
2136 3537 2197 3561 ra-

47 3577 106 3613 vis
133 3575 351 3623 centripetae
371 3574 516 3613 lunaris
544 3575 586 3613 in
616 3577 744 3615 Solem
765 3574 843 3626 qua
861 3583 989 3613 motus
1016 3576 1098 3625 ejus
1151 3575 1260 3613 dium
1279 3576 1411 3613 orbitae
1433 3575 1577 3612 lunaris
1596 3575 1740 3614 directe
1767 3584 1807 3613 et
1832 3577 1979 3614 ratione
1998 3576 2196 3625 duplicata

50 3626 151 3666 circa
181 3628 340 3666 Terram
369 3630 615 3675 perturbatur
642 3637 682 3667 et
709 3642 797 3679 quae
825 3629 933 3667 radio
964 3630 1113 3667 orbitae-
1150 3629 1332 3677 temporis
1349 3628 1532 3677 periodici
1555 3629 1686 3666 Terrae
1703 3627 1804 3667 circa
1826 3629 1954 3667 Solem
1973 3630 2022 3667 ad
2042 3639 2195 3678 tempus

48 3680 195 3719 lunaris
213 3689 293 3719 erat
313 3681 618 3729 proportionalis,
646 3694 728 3720 esse
745 3681 795 3720 ad
812 3682 890 3719 vim
910 3683 1096 3731 centripe-
1149 3681 1388 3731 periodicum
1407 3681 1533 3719 Lunae
1552 3680 1654 3720 circa
1670 3682 1830 3720 Terram
1848 3682 2007 3721 inverse.
2062 3683 2194 3728 Quare

50 3741 130 3772 tam
151 3735 278 3773 Lunae
297 3735 337 3771 in
359 3735 521 3772 Terram
549 3735 589 3772 in
609 3734 805 3783 duplicata
820 3735 970 3774 ratione
995 3742 1094 3772 tem.
1146 3736 1245 3773 vires
1285 3734 1385 3772 Solis
1423 3735 1471 3772 ad
1508 3735 1787 3784 perturbandos
1823 3744 1952 3774 motus
1987 3749 2190 3785 corporum

48 3798 187 3835 porum
202 3787 485 3835 periodicorum
505 3788 635 3826 Terrae
647 3786 748 3825 circa
767 3787 895 3826 Solem
914 3796 953 3825 et
968 3787 1095 3826 Lunae
1147 3787 1267 3836 prope
1286 3788 1525 3836 superficiem
1548 3788 1679 3826 Terrae
1706 3797 1797 3827 sunt
1824 3789 1873 3827 ad
1901 3791 1996 3827 vires
2020 3790 2115 3828 Solis
2143 3790 2191 3828 ad

48 3838 151 3877 circa
170 3841 344 3885 Terram,
373 3840 490 3878 simili
517 3839 632 3889 plane
659 3840 775 3879 modo
801 3841 984 3889 probatur
1009 3853 1096 3879 eam
1149 3841 1426 3890 perturbandos
1451 3848 1582 3878 motus
1610 3841 1738 3879 Lunae
1764 3848 1810 3880 ut
1836 3842 1966 3880 radius
1987 3844 2116 3881 Terrae
2143 3843 2191 3881 ad

50 3903 204 3943 quoque
231 3901 379 3931 nartem
411 3893 467 3931 vis
501 3894 720 3944 centripetoe
753 3893 793 3931 in
829 3893 972 3942 Solem,
1005 3906 1092 3945 quae
1144 3893 1297 3932 radium
1316 3894 1448 3933 orbitae
1468 3894 1624 3940 lunaris,
1645 3895 1717 3934 hoc
1736 3903 1806 3943 est,
1827 3903 1871 3934 ut
1894 3900 1911 3934 1
1933 3895 1983 3935 ad
2002 3896 2091 3948 603.

105 3961 202 4000 VoL.
230 3961 317 3999 III.
344 3962 455 4001 PARS
476 3963 536 4003 ΙΙ.
1064 3964 1122 4018 ζΗ
