2540 4296
0 2485 16 2594 :vg-vur-
0 2430 5 2460 ...v

157 241 346 292 LIBER
365 239 666 304 TERTIUS]
709 240 1118 292 PRINCIPIA
1160 239 1783 293 MATHEMATICA.
2216 247 2316 297 187

153 392 277 452 post
323 382 483 453 longa
531 394 829 453 temporum
877 383 1150 434 intervalla
1199 383 1549 447 redeuntium,
1614 382 2010 447 determinanda
2058 383 2314 459 relinquo.

152 471 361 526 Interea
386 471 510 525 huic
534 472 747 544 negotio
774 471 1073 540 Propositio
1100 491 1324 542 sequens
1351 472 1530 523 lumen
1556 472 1839 523 accendere
1864 480 2050 540 potest.

533 661 1010 731 PROPOSITIO
1051 663 1239 716 XLII.
1320 661 1758 715 PROBLEMA
1797 662 2005 715 XXII..

646 833 911 885 Inventam
934 841 1131 886 cometae
1162 832 1507 903 trajectorz'am
1532 835 1800 902 cm·rige7·e.
1849 900 1851 904 ,

222 992 466 1060 Operatio
508 996 557 1043 l.
605 977 928 1042 ‘Assumatur
960 991 1151 1060 positio
1193 991 1338 1060 plani
1380 990 1707 1061 trajector-iae,
1746 1009 1843 1060 per
1890 991 2311 1060 Propositionem

146 1084 469 1153 superiorem
494 1081 737 1145 inventa}
778 1092 830 1135 et
856 1082 1140 1154 seligantur
1164 1083 1265 1135 tria
1299 1084 1415 1135 loca
1441 1093 1658 1135 cometae
1683 1082 2132 1136 observationibus
2158 1102 2311 1135 accu-

140 1177 406 1230 ratissimis
433 1176 664 1240 definita,
693 1186 747 1229 et
771 1177 837 1228 ab
863 1175 1087 1228 invicem
1106 1174 1493 1247 quammaxime
1522 1175 1796 1237 distantia3
1829 1175 1999 1245 sitque
2025 1176 2078 1227 A
2104 1185 2310 1244 tempus

139 1270 276 1321 inter
324 1268 550 1338 primam
599 1277 652 1320 et
700 1267 1001 1331 secundam,
1044 1286 1105 1320 ac
1147 1268 1195 1320 B
1236 1277 1443 1337 tempus
1470 1267 1621 1319 inter
1665 1266 1947 1318 secundam
1988 1285 2049 1317 ac
2086 1267 2309 1318 tertiam.

147 1346 423 1414 Cometam
447 1371 623 1413 autem
647 1360 704 1412 in
731 1379 914 1412 eorum
940 1359 1115 1430 aliquo
1155 1358 1218 1429 (¹¹)
1245 1360 1301 1410 in
1325 1360 1557 1431 perigaeo
1583 1359 1779 1411 versari
1805 1358 2062 1422 convenit,
2103 1358 2186 1409 vel
2210 1358 2313 1410 sal-

140 1463 249 1506 tem
272 1469 382 1503 non
406 1446 565 1523 longe
591 1471 622 1503 a
646 1452 881 1523 perigaeo
908 1451 1105 1503 abesse.
1183 1451 1236 1521 (1)
1267 1452 1354 1503 Ex
1379 1451 1460 1503 his
1485 1451 1611 1503 locis
1639 1451 2009 1521 apparentibus
2042 1450 2312 1502 invenian-

139 1552 242 1606 tur,
282 1561 378 1612 per
417 1542 747 1611 operationes
784 1542 1251 1614 tr·ig0nometricaS‚
1291 1542 1408 1595 loca
1433 1543 1535 1595 tria
1559 1562 1682 1595 vera
1706 1553 1924 1596 cometae
1961 1544 2016 1594 in
2043 1551 2311 1611 assumpto

143 1631 236 1684 illo
261 1632 420 1701 plano
446 1632 772 1702 trajectoriae.
849 1631 1077 1684 Deindev
1100 1650 1195 1701 per
1219 1632 1336 1683 loca
1361 1632 1450 1684 illa
1474 1633 1700 1697 inventa,
1743 1634 1882 1685 circa
1907 1642 2144 1685 centrum
2175 1632 2310 1686 Solis

142 1741 240 1774 ceu
275 1722 598 1785 umbilicum,
639 1739 735 1791 per
771 1721 1099 1791 operationes
1137 1721 1505 1796 arithmeticas,
1547 1741 1647 1792 ope
1688 1722 1847 1792 Prop.
1889 1722 2057 1774 XXI.
2099 1721 2220 1774 Lib.
2262 1721 2307 1773 Ι.

138 1811 419 1875 institutaS,
461 1810 788 1881 describatur
825 1811 984 1863 sectio
1021 1811 1234 1863 conica:
1276 1811 1354 1881 (¹¹¹)
1395 1821 1446 1863 et
1483 1812 1591 1881 ejus
1629 1830 1782 1881 areae,
1823 1811 1982 1863 radiis
2022 1831 2052 1862 a
2093 1811 2215 1863 Sole
2242 1811 2311 1863 ad

136 1903 255 1956 loca
279 1904 493 1956 inventa
517 1904 686 1956 ductis
712 1904 1019 1967 terminatae,
1061 1913 1217 1956 sunto
1243 1904 1299 1956 D
1328 1913 1379 1956 et
1407 1904 1470 1967 E,
1511 1922 1699 1973 nempe
1727 1904 1783 1955 D
1811 1922 1931 1955 area
1968 1903 2104 1955 inter
2129 1903 2308 1954 obser-

138 1995 402 2047 vationem
444 1996 671 2065 primam
715 2005 767 2048 et
810 1996 1110 2060 secundam,
1158 2006 1209 2048 et
1250 1996 1298 2048 E
1342 2015 1463 2048 area
1499 1997 1636 2049 inter
1671 1997 1954 2048 secundam
1985 2014 2045 2048 ac
2081 1995 2307 2048 tertiam.

139 2084 321 2154 Sitque
362 2083 415 2136 T
452 2095 658 2155 tempus
696 2095 880 2150 totum,
923 2105 1028 2156 quo
1066 2105 1186 2138 area
1221 2096 1332 2138 tota
1370 2087 1427 2139 D
1463 2095 1517 2149 -Ι-
1554 2087 1601 2139 Ε
1639 2087 1911 2140 velocitate
1955 2096 2173 2139 cometae
2211 2105 2310 2155 per

137 2175 300 2244 Prop.
329 2176 490 2228 XVI.
506 2176 638 2241 Lib.
667 2176 712 2228 I.
739 2177 951 2229 inventa
976 2177 1201 2229 describi
1226 2177 1396 2229 debet.

215 2266 367 2334 Oper.
398 2273 448 2318 2.
488 2266 764 2337 Augeatur
794 2267 859 2336 (¹²)
887 2266 1163 2338 longitudo
1188 2266 1450 2318 nodorum
1473 2267 1619 2337 plani
1644 2268 1984 2338 trajectoriae3
2024 2266 2214 2318 additis
2241 2266 2308 2318 ad

129 2357 514 2428 longitudinem
549 2358 693 2409 illam
732 2360 836 2412 20'.
863 2359 945 2409 vel
974 2360 1073 2411 30².
1101 2368 1219 2428 quae
1250 2359 1491 2410 dicantur
1529 2360 1603 2421 P3
1643 2368 1694 2411 et
1718 2369 1951 2412 servetur
1987 2357 2131 2427 plani
2168 2357 2306 2409 illius

134 2446 405 2499 inclinatio
432 2447 499 2499 ad
523 2447 739 2517 planum
764 2447 1033 2516 eclipticae.
1111 2448 1322 2501 Deinde
1352 2467 1419 2500 ex
1442 2448 1707 2518 praedictis
1733 2450 1900 2501 tribus
1927 2457 2145 2500 cometae
2178 2447 2306 2499 locis

130 2537 433 2601 observatis,
484 2537 817 2591 inveniantur
865 2539 922 2590 in
969 2538 1071 2590 hoc
1121 2557 1259 2590 novo
1307 2538 1466 2607 plano
1516 2538 1636 2590 loca
1679 2539 1780 2590 tria
1822 2556 1962 2601 vera,
2009 2547 2068 2589 ut
2112 2535 2301 2606 supra:

133 2628 327 2681 deinde
366 2629 524 2681 etiam
561 2629 701 2681 orbis
738 2647 834 2699 per
870 2629 986 2681 loca
1021 2629 1107 2681 illa
1133 2628 1403 2694 t1·ansienS‚
1435 2623 1577 2699 (⁰)et
1603 2628 1834 2698 ejusdem
1860 2646 1997 2679 areae
2022 2627 2142 2679 duae
2167 2628 2305 2680 inter

185 2773 245 2827 (¹³)
269 2776 290 2799 *¹
311 2777 365 2814 In
388 2776 552 2826 perz‘gaeo
578 2778 724 2815 versari
749 2777 932 2816 convenit.
995 2776 1187 2815 versante

130 2828 234 2865 enim
255 2837 405 2867 cometa
431 2830 474 2867 in
501 2829 670 2881 perigaeo
689 2830 751 2868 vel
770 2831 907 2868 saltem
926 2842 1006 2867 non
1025 2829 1146 2881 longe
1165 2843 1189 2868 a

128 2881 309 2935 perigaeo‚
331 2882 438 2921 illius
456 2892 587 2921 motus
605 2883 731 2934 magis
748 2883 927 2922 accurate
945 2883 1141 2922 definitm.

185 2935 234 2987 (¹)
257 2938 278 2958 ¹*
302 2937 367 2974 Ex·
385 2939 443 2975 lzis
469 2939 557 2975 locis
584 2940 868 2988 apparentibus.
930 2938 1188 2976 Inveniantur

127 3000 197 3036 per
231 2988 473 3036 operationes
508 2990 842 3040 trigonometricas
880 2993 944 3043 (ut
979 2992 1021 3028 in
1061 2990 1180 3039 Prop.

127 3040 315 3091 praeced.)
336 3042 422 3081 loca
440 3042 514 3081 tria
532 3056 622 3081 vera
639 3052 802 3082 cometae
829 3044 872 3081 in
891 3051 1091 3093 assumpto
1117 3044 1189 3082 illo

131 3094 251 3144 plano
271 3095 498 3147 trajectoriae
518 3103 701 3147 tanquam
722 3105 914 3144 accurato,
935 3099 1008 3135 hoc
1028 3106 1095 3142 est,
1125 3099 1186 3135 in-

127 3148 333 3185 veniamur
352 3149 424 3187 tria
443 3149 550 3198 prius
569 3150 720 3188 definiti
740 3150 847 3198 plani
875 3159 1021 3200 puncta
1039 3151 1079 3187 in
1100 3151 1187 3201 qui-

126 3202 200 3239 bus
218 3210 369 3240 cometa
388 3202 550 3241 eandem
571 3203 859 3254 longitudinem
879 3217 923 3242 ac
943 3204 1188 3242 latitudinem

126 3254 317 3293 obtineret
333 3268 455 3305 quam
473 3255 607 3294 revera
624 3258 767 3295 habere
786 3258 1023 3295 observatur.

183 3307 250 3359 (¹¹¹)
284 3310 305 3333 *
334 3310 439 3360 Ejus
458 3309 583 3349 areca
633 3310 698 3348 Ex
732 3308 824 3348 data
856 3320 1018 3349 cometae
1051 3309 1191 3349 semita

128 3360 290 3411 ejusque
320 3364 492 3412 partium
520 3363 808 3425 magnitudine,
837 3372 1014 3413 respectu
1041 3363 1190 3403 semitae

129 3414 300 3452 Telluris
326 3416 487 3466 ejusque
513 3419 697 3466 partium,
729 3416 886 3466 dabitur
910 3417 1091 3455 velocitas
1110 3430 1189 3467 qua

125 3475 277 3505 cometa
304 3466 414 3507 iliam
442 3468 632 3513 describit.
664 3468 833 3521 ideoque
852 3470 1009 3509 dabitur
1033 3478 1189 3518 tempus

124 3533 204 3569 quo
231 3531 384 3559 cometa
410 3534 520 3562 areas
538 3523 637 3561 duas
658 3522 743 3573 jam
770 3524 950 3561 inventas
981 3524 1182 3573 percurrit.

127 3575 303 3622 'lempus
337 3574 439 3613 illud
473 3582 603 3615 totum
638 3574 794 3615 dicatur
839 3577 888 3623 T,
936 3576 1187 3626 capiaturque

122 3639 312 3664 numerus
334 3628 379 3672 C,
403 3627 470 3679 qui
488 3629 538 3667 sit
556 3628 606 3667 ad
628 3633 663 3673 1,
695 3636 743 3675 ut*
758 3637 917 3678 tempus
939 3630 1041 3669 inter
1058 3631 1187 3668 obser.

123 3679 318 3718 vationem
345 3681 513 3730 primam
531 3689 571 3721 et
587 3683 803 3721 secundam
827 3683 878 3721 ad
904 3690 1060 3732 tempus
1087 3684 1188 3721 inter

123 3734 428 3772 observationem
448 3734 664 3774 secundam
687 3743 726 3774 et
743 3736 913 3782 tertiam,
943 3736 1018 3774 hoc
1045 3742 1113 3782 est,
1143 3744 1189 3774 ut

126 3789 165 3822 A
195 3786 244 3824 ad
273 3789 319 3825 Β.
383 3788 569 3826 Sumatur
596 3788 788 3838 praeterea
814 3789 852 3828 G
871 3788 923 3828 ad
953 3793 988 3836 1,
1016 3796 1063 3827 ut
1089 3802 1189 3828 areae

122 3840 224 3876 inter
259 3841 566 3879 observationem
604 3841 775 3891 primam
815 3850 856 3882 et
891 3842 1102 3881 secundam
1139 3835 1189 3881 ad

178 3911 278 3950 Vox..
306 3912 394 3951 111.
421 3913 534 3953 Pius
555 3913 616 3953 11.
1177 3914 1220 3953 N

1243 2788 1374 2815 aream
1401 2775 1503 2814 inter
1521 2775 1828 2814 observationem
1847 2773 2056 2814 secundam
2078 2780 2118 2812 et
2135 2772 2300 2819 tertiam,

1241 2830 1283 2867 id
1315 2838 1381 2876 est,
1414 2837 1460 2868 ut
1496 2830 1538 2868 D
1570 2829 1620 2867 ad
1656 2830 1693 2867 E
1709 2844 1722 2877 3
1752 2829 1888 2868 eadem
1917 2841 2073 2879 quoque
2104 2828 2176 2865 erit
2204 2827 2303 2864 ratio

1241 2883 1343 2921 inter
1370 2892 1546 2932 tempora
1571 2883 1714 2934 quibus
1742 2896 1841 2921 areae
1867 2882 1945 2919 illae
1964 2880 2080 2919 radiis
2099 2881 2147 2919 ad
2171 2880 2300 2918 Solem

1242 2936 1370 2975 ductis
1389 2937 1665 2974 describentur.
1728 2936 1786 2975 Sit
1808 2937 1848 2980 S,
1869 2944 2024 2984 tempus
2042 2947 2175 2972 verum
2200 2934 2301 2971 inter

1241 2990 1544 3029 observationem
1564 2991 1729 3039 primam
1750 2998 1788 3028 et
1807 2989 1970 3028 tertiam.
2031 2989 2070 3027 Si
2090 2986 2301 3037 reperiatur

1245 3044 1356 3082 T==
1387 3044 1425 3090 S,
1458 3051 1497 3081 et
1533 3044 1571 3082 G
1589 3060 1648 3080 =
1673 3045 1718 3090 C,
1751 3043 1908 3081 inventa
1936 3042 2042 3091 plani
2074 3041 2301 3092 trajectoriae

1242 3097 1382 3146 positio
1402 3110 1490 3135 vera
1508 3097 1580 3135 erit
1597 3104 1636 3135 et
1662 3104 1851 3141 accurata,
1880 3096 1990 3134 nulla
2017 3095 2198 3146 indigens
2216 3107 2300 3132 cor-

1242 3151 1424 3188 rectione.
1482 3150 1551 3188 Sin
1569 3151 1688 3194 aliter,
1711 3150 1783 3188 erit
1803 3151 1841 3189 T
1858 3171 1913 3180 —-
1935 3150 1974 3195 S,
2004 3162 2108 3187 error
2136 3149 2176 3185 in
2201 3156 2300 3185 tem-

1244 3216 1339 3253 pore
1357 3210 1439 3242 toto
1455 3203 1557 3242 inter
1574 3203 1878 3242 observationem
1905 3204 2071 3252 primam
2091 3210 2129 3240 et
2147 3201 2302 3240 tertiam

1244 3265 1364 3304 ortus,
1403 3257 1590 3295 nimirum
1623 3269 1683 3295 ex·
1703 3258 1893 3306 positione
1929 3256 2036 3305 plani
2073 3255 2301 3306 trajectoriae

1244 3312 1377 3348 minus
1397 3310 1589 3357 accurat-4⁸1,
1610 3318 1649 3348 et
1672 3311 1710 3349 G
1729 3333 1781 3340 -
1805 3312 1852 3356 C,
1882 3311 1955 3348 erit
1974 3322 2078 3347 error
2097 3322 2142 3345 ex
2163 3306 2301 3346 eadem

1245 3362 1364 3402 causa
1383 3371 1489 3402 ortus
1516 3364 1558 3400 in
1576 3364 1724 3402 ratione
1743 3364 1926 3414 temporis
1951 3364 2052 3401 inter
2069 3362 2299 3400 observatio-

1244 3430 1336 3455 nem
1366 3417 1531 3467 primam
1551 3425 1589 3455 et
1607 3416 1832 3463 secundam,
1860 3416 1911 3455 ad
1928 3424 2084 3465 tempus
2112 3416 2212 3453 iuter
2230 3416 2301 3453 ob-

1245 3471 1499 3508 servationem
1519 3470 1729 3509 secundam
1749 3480 1787 3508 et
1806 3470 1970 3514 tertiam,
1992 3479 2037 3507 ut
2056 3477 2161 3518 patet
2173 3484 2185 3516 3
2206 3481 2301 3505 nam

1243 3524 1285 3562 in
1301 3531 1465 3574 utroque
1478 3536 1570 3562 casu
1585 3523 1716 3562 unitas
1726 3532 1937 3572 usurpatur
1950 3536 2020 3573 pro
2042 3529 2302 3574 consequente

1242 3577 1402 3616 rationis
1420 3577 1521 3615 inter
1538 3577 1630 3615 bina
1647 3585 1835 3626 tempora.

1296 3630 1355 3683 (¹¹)
1388 3634 1410 3655 ⁴¹¹
1441 3632 1663 3681 Longitudo
1693 3633 1907 3680 nodorum,
1945 3643 2015 3680 per
2052 3642 2162 3668 num.
2208 3634 2296 3669 145.

1245 3683 1413 3722 inventa.

1298 3736 1354 3789 (0)
1378 3740 1398 3762 ¹*
1422 3738 1480 3775 Et
1498 3734 1685 3788 ejusdem
1681 3750 1788 3788 arqae
1807 3740 1907 3776 duae.
1969 3737 2172 3774 Harumce
2196 3748 2302 3773 area-

1243 3802 1333 3828 rum
1374 3790 1475 3827 inter
1512 3798 1588 3828 tres
1607 3785 1891 3829 observationes
1927 3789 2044 3828 radiis
2080 3789 2129 3828 ad
2171 3790 2302 3829 Solem

1245 3843 1373 3882 ductis
1390 3843 1671 3895 descriptarum
1689 3844 1787 3884 ratio
1805 3844 1856 3883 sit
1872 3851 1918 3882 ut
1935 3857 1974 3896 g,
1990 3841 2042 3882 ad
2065 3847 2109 3881 1·
2098 3843 2257 3894 ,sitque
2271 3851 2298 3885 t,
