2540 4296
88 299 274 352 mez
295 296 594 360 Tamum]
639 267 1042 348 PRINClPIA
1085 293 1703 348 MATHEMATICA.
2036 368 2039 371 Ι
2132 304 2235 352 117

88 455 287 488 summa
336 434 706 504 quadratorum
755 450 820 485 ex
871 420 1066 482 sinibus
1091 429 1101 447 ⁷
1119 431 1358 483 omnibus
1409 432 1464 484 N
1508 434 1575 485 M
1619 434 1830 503 aequalis
1876 435 1973 486 erit
2021 454 2238 488 summae

90 524 460 594 quadratorum
497 541 564 573 ex
599 504 816 574 sinibu'a
840 507 895 569 K*
932 519 1014 581 M,
1061 529 1112 571 et
1149 538 1349 572 summa
1385 530 1603 595 utraque
1639 523 1986 592 aequaliserit
2022 543 2237 577 summae

92 614 459 684 quadiatorum
497 631 562 663 ex
591 610 808 662 totidem
835 609 1251 666 Semi-diametris
1281 608 1334 660 K
1362 608 1446 671 N;
1472 610 1721 681 ideoque
1732 631 1933 664 summa
1958 614 2236 683 quadrato-

88 722 205 754 rum
246 721 312 753 ex
353 701 590 752 omnibus
632 699 686 749 N
727 697 791 748 M
832 697 931 748 erit
956 695 1141 766 duplo
1142 697 1313 759 minor
1339 687 1514 766 quam
1535 708 1745 755 summa
1744 702 2134 772 quadratoium
2171 721 2238 755 ex

85 792 306 843 totidem
332 789 480 841 semi·
458 786 745 838 -diametris
776 785 829 836 K
856 785 925 836 N.

163 881 282 932 Jam
307 877 566 929 dividatur
590 874 867 942 perimeter
893 872 1073 924 circuli
1110 872 1161 924 A
1187 872 1235 923 E
1270 872 1326 923 in
1358 872 1636 941 particulas
1661 876 1879 928 totidem
1905 879 2146 948 aequaleS,
2188 889 2240 932 et

90 969 157 1019 ab
184 986 270 1018 ea1
272 984 360 1017 um
384 982 691 1034 unaquaque
721 963 764 1014 F
790 962 857 1014 ad
881 962 1095 1031 planum
1135 961 1189 1023 Q
1215 961 1266 1014 R
1289 961 1601 1033 demittatur
1624 965 2053 1033 perpendiculum
2093 968 2137 1019 F
2165 968 2235 1034 G,

95 2025 154 2067 ut
180 2026 232 2068 et
257 2037 286 2069 a
310 2030 505 2087 puncto
531 2022 582 2073 A
607 2023 1037 2091 perpendiculum
1065 2023 1115 2073 A
1143 2022 1220 2074 H.
1298 2022 1368 2074 Et
1392 2022 1484 2085 vis,
1514 2021 1613 2091 qua
1641 2022 1894 2090 particula
1923 2021 1967 2072 F
1993 2021 2187 2072 recedit
2223 2040 2253 2072 a

3 2100 12 2117 ‘⁷
96 2106 255 2174 plano
296 2110 349 2171 Q
378 2110 444 2174 R,
485 2112 582 2163 erit
605 2123 664 2165 ut
687 2115 1119 2182 perpendiculum
1143 2113 1271 2164 illud
1305 2114 1349 2165 F
1379 2114 1429 2165 G
1467 2132 1562 2182 per
1587 2113 1916 2183 hypothesin,
1962 2123 2014 2163 et
2038 2112 2152 2163 haec
2178 2111 2252 2161 vis

100 2196 255 2249 ducta
281 2199 336 2250 in
362 2200 656 2253 distantiam
686 2204 730 2255 C
760 2205 813 2256 G
852 2205 915 2273 (¹¹)
956 2205 1054 2273 erit
1078 2204 1305 2268 efficacia
1328 2197 1596 2273 particulae
1637 2205 1680 2256 F
1718 2205 1785 2255 ad
1813 2206 2030 2256 Terram
2060 2203 2255 2254 circum

102 2297 336 2338 centrum
363 2290 470 2358 ejus
497 2292 917 2344 convertendam.
994 2292 1227 2362 Ide6que
1253 2292 1480 2343 efficacia
1502 2292 1770 2361 particulae
1808 2293 1861 2342 in
1900 2293 2015 2343 loco
2056 2292 2116 2353 F,
2158 2290 2255 2341 erit

102 2375 167 2426 ad
195 2377 470 2430 efficaciam
489 2382 757 2448 particulae
783 2383 836 2432 in
862 2383 978 2434 loco
1003 2383 1070 2445 A,
1100 2392 1159 2433 ut
1186 2382 1231 2434 F
1253 2381 1307 2434 G
1341 2393 1382 2434 ><
1416 2382 1469 2434 G
1492 2382 1536 2433 C
1563 2382 1630 2432 ad
1656 2381 1707 2432 A
1730 2381 1791 2433 H
1822 2395 1863 2435 ><
1897 2382 1958 2432 H
1982 2382 2042 2443 C,
2068 2381 2133 2449 (Χ)
2154 2379 2256 2430 hoc

104 2477 194 2530 est,
224 2479 281 2520 ut
308 2470 351 2520 F
382 2471 426 2521 C
454 2490 487 2540 q
512 2471 578 2522 ad
605 2473 656 2523 A
686 2473 731 2524 C
758 2492 819 2542 q;
860 2483 911 2524 et
933 2482 1211 2541 propterea
1235 2472 1461 2523 efficacia
1485 2482 1594 2523 tota
1618 2471 1990 2540 particularum
2022 2470 2257 2521 omnium

104 2557 158 2607 in
198 2558 324 2609 locis
368 2560 470 2611 suis
516 2561 560 2612 F
603 2562 699 2613 erit
741 2563 809 2614 ad
848 2563 1126 2614 efficaciam
1161 2562 1531 2631 particularum
1570 2563 1787 2613 totidem
1832 2564 1886 2613 in
1927 2563 2043 2613 loco
2086 2561 2153 2623 A,
2199 2570 2258 2611 ut

107 2666 308 2699 summa
333 2651 565 2702 omnium
594 2651 638 2703 F
667 2652 712 2703 C
738 2672 772 2722 q
808 2653 876 2704 ad
913 2671 1166 2704 summam
1192 2653 1409 2704 totidem
1438 2653 1489 2704 A
1517 2653 1638 2723 Clq,
1676 2652 1778 2703 hoc
1804 2663 1881 2704 est
1921 2657 2035 2721 (per
2062 2653 2124 2721 (5)
2145 2652 2256 2720 jam

106 2738 473 2806 demonstrata)
501 2750 559 2792 ut
582 2760 747 2792 unum
772 2742 839 2793 ad
865 2741 985 2793 duo.
1064 2741 1133 2802 Q.
1162 2760 1205 2792 e.
1233 2740 1284 2792 d.

180 2829 250 2880 Et
275 2831 518 2899 quoniam
543 2832 810 2900 particulae
836 2842 998 2903 agunt
1022 2832 1317 2884 recedendo
1346 2831 1838 2901 perpendiculariter
1863 2851 1894 2882 a
1920 2830 2077 2899 plano
2106 2830 2158 2891 Q
2190 2830 2255 2891 R,

105 2917 262 2986 idque
286 2920 552 2988 aequaliter
574 2921 640 2972 ab
664 2920 883 2991 utraque
907 2930 1055 2990 parte
1092 2920 1248 2990 hujus
1273 2921 1416 2990 plani
1436 2941 1447 2973 :
1488 2921 1687 2972 eaedem
1713 2930 2014 2973 convertent
2040 2920 2260 2971 circum-n

107 3005 375 3058 ferentiam
400 3009 578 3060 circuli
601 3012 894 3080 aequatoris,
936 3011 1085 3081 eique
1111 3010 1452 3061 inhaerentem
1479 3010 1717 3073 Terram,
1758 3010 1951 3061 circum
1978 3027 2127 3060 axem
2153 3018 2261 3059 tam

108 3101 162 3151 in
186 3100 343 3168 plano
369 3101 459 3153 illo
486 3102 538 3164 Q
569 3103 617 3154 R
644 3101 798 3173 quam
823 3103 876 3154 in
901 3104 1058 3172 plano
1084 3103 1359 3172 aequatoris
1377 3104 1651 3172 jacentem.

988 3247 1280 3300 LEMMA
1320 3247 1395 3298 ΙΙ.

113 3390 295 3440 Iisdem
323 3392 506 3456 positis
527 3415 543 3442 .-
581 3393 691 3444 dz‘co
715 3390 922 3444 secundo
949 3395 1079 3461 quod
1113 3394 1187 3443 vis
1213 3400 1259 3443 e!
1285 3393 1504 3464 ffcacia
1530 3400 1636 3443 tota
1662 3392 2027 3459 particularum
2053 3391 2265 3440 omnium

186 3486 329 3528 eoetra
348 3479 541 3545 globum
565 3482 782 3548 undique
802 3483 1026 3543 sitarum,
1050 3483 1120 3531 ad
1151 3481 1360 3531 Terram
1384 3482 1564 3530 circum
1588 3498 1728 3530 axem
1754 3482 1955 3529 eundem
1980 3480 2262 3539 rotandam,

187 3568 254 3618 sit
279 3569 349 3617 ad
371 3568 466 3618 vim
492 3576 644 3619 totam
664 3572 1031 3636 particularum
1057 3571 1276 3632 totidem,
1317 3570 1371 3619 in
1397 3570 1667 3637 aequatorz's
1691 3569 1873 3619 circulo
1909 3567 1961 3618 A
1984 3569 2037 3617 E
2072 3568 2267 3635 unifor-

119 3707 392 3757 quadratorum
412 3721 458 3748 ex
477 3710 658 3748 omnibus
676 3710 822 3749 sinibus
843 3712 885 3749 N
901 3712 961 3757 M,
991 3709 1156 3761 ide6que
1287 3711 1324 3761 (¹¹
1329 3711 1343 3759 )
1366 3713 1389 3737 '¹'
1413 3713 1500 3749 Erit
1520 3712 1703 3761 efficacia.
1763 3711 1846 3760 (47.
1873 3710 1960 3748 Lib.
1988 3708 2046 3757 Ι.)

121 3774 274 3798 summa
292 3762 413 3811 quadr
396 3771 565 3801 ratorum
584 3776 630 3801 ex
650 3776 755 3801 omni
746 3764 831 3802 ibus
851 3764 890 3801 N
911 3765 973 3810 M,
995 3777 1036 3802 er
1019 3764 1066 3802 rit
1084 3764 1164 3802 du·
1288 3768 1302 3812 (
1310 3765 1392 3811 Η)
1413 3767 1475 3802 Ho
1457 3778 1499 3803 oc
1518 3771 1584 3810 est,
1614 3765 1664 3801 ob
1682 3762 1877 3814 triangula
1899 3763 1936 3800 A
1961 3763 1993 3801 C
2017 3763 2074 3808 H,
2108 3762 2141 3801 F
2163 3764 2195 3803 C
2220 3763 2270 3809 G,

122 3814 187 3861 plo
205 3826 256 3850 mi
261 3826 331 3851 nor
348 3822 490 3865 quam
485 3829 637 3855 zumma
648 3815 921 3867 quadratorum
937 3830 983 3855 ex
998 3816 1158 3856 totidem
1235 3817 1264 3854 si
1268 3831 1317 3854 mn
1310 3817 1348 3853 iil
1340 3831 1386 3856 ia.

123 3865 235 3904 semi-
238 3866 299 3904 dia
301 3868 430 3906 metris
454 3868 493 3906 K
518 3870 567 3907 N.
1291 3870 1393 3922 (y)¹'·
1417 3875 1470 3911 Pe
1473 3886 1492 3909 r
1497 3871 1587 3921 jam
1608 3873 1877 3910 demonstrata.
1939 3870 2072 3923 (150.)
