2540 4296
266 301 295 346 8
738 293 1301 349 PHILOSOPHIAE
1339 297 1791 352 NATURALIS
1866 300 1984 365 [DE
2014 300 2215 353 Mum).
2247 302 2401 353 SYs'r.

343 434 481 487 Haec
518 437 692 489 omnia
716 438 788 489 ita
812 457 866 490 se
890 438 1100 502 habent,
1139 459 1206 491 ex
1242 441 1518 511 hypothesi
1544 443 1684 512 quod
1712 443 1804 496 Sol
1829 452 1883 495 et
1909 443 2076 494 Terra
2113 445 2397 514 quiescunt,

270 535 321 577 et
346 526 500 578 Luna
525 537 757 597 tempore
793 529 1041 599 synodico
1068 530 1269 581 dierum
1295 537 1379 586 27.
1406 532 1520 583 hor.
1551 538 1601 587 7.
1625 533 1749 585 min.
1778 541 1863 585 43.
1891 532 2183 585 revolvitur.
2263 532 2399 584 Cum

269 627 441 669 autem
464 619 709 687 periodus
736 619 982 689 synodica
1004 620 1198 672 lunaris
1225 621 1343 672 vere
1371 622 1435 672 sit
1460 622 1663 674 dierum
1688 630 1773 676 29.
1800 624 1913 674 hor.
1948 630 2027 674 12.
2070 633 2121 673 et
2158 623 2282 673 min.
2311 630 2396 673 44.

269 708 449 779 augeri
474 709 663 761 debent
700 720 1078 763 momentorum
1105 711 1421 763 incrementa
1445 714 1499 764 in
1525 714 1723 766 ratione
1747 715 2009 782 temporis,
2038 714 2092 764 id
2118 724 2209 775 est,
2238 714 2290 763 in
2316 731 2398 764 ra-

267 799 408 851 tione
437 808 679 853 1080853
707 802 773 852 ad
804 810 1064 855 1000000.
1143 802 1267 853 Ηο0
1303 813 1455 871 pacto
1480 803 1852 856 incrementum
1889 815 2071 866 totum,
2111 803 2251 875 quod
2290 813 2399 855 erat

269 908 390 958 pars
408 891 574 958 TJ-g—(l'3
593 894 841 944 momenti
856 893 1148 957 mediocris,
1163 895 1273 962 jam

271 980 361 1031 fiet
385 980 614 1049 ejusdem
638 1000 760 1050 pars
783 983 962 1048 1-1—823.
1040 982 1276 1052 Ideoque

271 1080 591 1121 momentum
609 1089 742 1122 areae
762 1074 815 1121 in
832 1071 1143 1141 quadratura
1164 1072 1273 1123 Lu-

270 1176 353 1210 nae
373 1160 470 1211 erit
495 1161 561 1212 ad
587 1163 693 1230 ejus
716 1173 1034 1214 momentum
1052 1163 1105 1213 in
1127 1182 1275 1233 syzy-

268 1250 353 1321 gia
371 1261 428 1302 ut
448 1258 620 1304 11023
643 1284 713 1292 -
731 1260 800 1306 50
820 1252 888 1304 ad
907 1259 1078 1305 11023
1105 1261 1157 1313 ÷
1185 1260 1271 1314 50,

269 1359 359 1392 seu
408 1348 577 1397 10973
623 1344 690 1394 ad
732 1350 919 1407 11073,
967 1354 1019 1396 et
1057 1345 1124 1396 ad
1161 1347 1269 1413 ejus

266 1443 605 1496 momentum,
646 1434 735 1485 ubi
763 1435 916 1485 Luna
940 1435 995 1484 in
1020 1434 1120 1485 alio
1147 1453 1276 1503 quo-

265 1521 341 1572 vis
366 1521 483 1574 loco
520 1523 827 1576 intermedio
857 1526 901 1577 P
925 1536 1174 1587 versatur,
1217 1536 1275 1576 ut

272 1617 444 1667 10973
485 1614 552 1664 ad
598 1620 768 1670 10973
804 1623 856 1676 -Ι-
894 1615 938 1666 Ρ
963 1614 1015 1677 (1,
1052 1614 1108 1683 (t)
1138 1615 1274 1666 exis-

264 1706 405 1752 tente
431 1701 669 1753 videlicet
696 1703 748 1754 T
776 1703 819 1754 P
845 1704 1032 1773 aequali
1061 1711 1178 1756 100.

338 1789 481 1840 Area
498 1789 671 1861 igitur,
694 1809 850 1861 quam
867 1792 1020 1843 Luna
1038 1792 1185 1843 radio
1205 1792 1273 1843 ad

266 1875 488 1929 Terram
513 1878 671 1931 ducto
697 1880 910 1951 singulis
948 1882 1195 1950 temporis
1220 1881 1485 1951 particulis
1517 1882 1799 1952 aequalibus
1825 1883 2084 1951 describit,
2126 1894 2204 1936 est
2240 1902 2395 1955 quam

260 1967 500 2034 proxime
539 1970 605 2038 (¹¹)
644 1980 702 2025 ut
739 1990 939 2023 summa
963 1972 1167 2024 numeri
1192 1979 1386 2034 219,4·6
1426 1982 1477 2024 et
1515 1972 1656 2024 sinus
1682 1975 1816 2025 versi
1842 1975 2117 2043 duplicatae
2143 1976 2398 2029 distantiae

265 2058 433 2110 Lunae
460 2080 490 2111 a
515 2061 827 2131 quadratura
853 2063 1110 2133 proxima,
1138 2064 1193 2115 in
1219 2063 1411 2115 circulo
1436 2065 1581 2133 cujus
1602 2064 1775 2116 radius
1802 2076 1876 2117 est
1901 2066 2087 2118 unitas.
2165 2068 2303 2119 Haec
2329 2068 2400 2118 ita

262 2168 317 2201 se
343 2151 538 2205 habent
563 2154 652 2206 ubi
677 2156 890 2208 variatio
927 2156 981 2207 in
1020 2155 1310 2208 octantibus
1337 2165 1415 2207 est
1440 2154 1808 2226 magnitudinis
1832 2157 2121 2209 mediocris·
2198 2159 2263 2226 (Χ)
2306 2159 2398 2211 Sin

327 2317 382 2370 (t)
418 2322 439 2344 ²*
476 2321 672 2359 Existente
703 2323 869 2361 videlicet
907 2323 945 2360 T
970 2323 1008 2359 P
1038 2319 1178 2370 aequali
1199 2322 1297 2356 100·
1411 2317 1452 2369 (¹
1457 2316 1472 2366 )
1508 2320 1530 2342 ’¹‘
1568 2320 1655 2355 112.
1705 2320 1776 2357 Sin
1806 2320 1963 2357 variatio
1995 2319 2046 2357 ibi
2077 2318 2200 2368 mqy‘or
2230 2320 2289 2362 sit,
2322 2319 2394 2358 &c.

260 2372 434 2421 sequitur
452 2385 498 2411 ex
517 2374 824 2422 praecedentibus
837 2373 941 2425 quod
959 2372 1058 2410 illud
1072 2370 1177 2422 quod
1192 2370 1305 2408 debet
1359 2371 1548 2409 Manente
1582 2368 1718 2408 eadem
1751 2371 1967 2421 hypothesi,
2000 2372 2129 2410 Lunae
2156 2372 2288 2409 orbem
2318 2385 2398 2410 0550

260 2423 351 2462 addi
371 2425 419 2462 ad
438 2434 683 2464 momentum
702 2428 910 2465 minimum
934 2429 1062 2466 10973
1081 2432 1137 2463 est
1156 2423 1206 2461 ad
1229 2428 1305 2462 100
1357 2423 1582 2462 circularem
1601 2431 1639 2461 et
1659 2424 1818 2463 Lunam
1836 2425 1952 2462 aliam
1969 2437 2050 2462 11011
2077 2425 2155 2473 pati
2174 2424 2396 2475 irregulari-

259 2485 305 2515 ut
323 2487 380 2515 est
401 2478 436 2516 P
455 2477 479 2516 d
499 2479 547 2516 ad
571 2480 605 2517 P
627 2480 674 2526 T,
695 2481 727 2517 si
745 2493 838 2530 ergo
860 2481 895 2518 P
916 2480 953 2517 T
971 2479 1020 2517 sit
1045 2477 1203 2528 aequalis
1228 2490 1304 2514 nu·
1358 2484 1477 2514 tatem
1495 2485 1632 2525 praeter
1650 2490 1734 2515 eam
1753 2490 1842 2529 quae
1860 2479 1908 2516 ab
1926 2475 1974 2515 ea
1992 2485 2099 2526 parte
2117 2477 2277 2516 actionis
2300 2478 2398 2516 Solis

260 2543 368 2568 mero
391 2536 466 2569 100
485 2532 557 2570 erit
580 2533 614 2570 P
628 2533 653 2570 d
672 2534 831 2583 aequalis
848 2533 906 2570 illi
926 2544 1090 2570 numero
1106 2531 1174 2581 qui
1192 2530 1305 2568 debet
1357 2528 1526 2568 nascitur
1544 2542 1631 2579 quae
1649 2543 1718 2587 per
1734 2531 1877 2569 lineam
1898 2531 1934 2568 E
1958 2531 1993 2568 L
2013 2530 2247 2581 designatur,
2276 2532 2397 2569 varia-

262 2583 351 2621 addi
371 2583 420 2622 ad
440 2586 624 2623 momenti
644 2586 797 2624 minimi
815 2587 998 2624 valorem.
1359 2583 1422 2621 tio
1434 2582 1524 2620 Lun
1529 2597 1561 2621 ae
1580 2585 1652 2622 erit
1680 2597 1793 2622 arcus
1809 2583 2043 2632 interceptus
2070 2585 2170 2622 inter
2198 2583 2328 2622 locum
2354 2585 2397 2622 in

316 2637 354 2688 (¹¹
359 2637 375 2686 )
404 2640 425 2662 ³*
456 2640 508 2676 Ut
526 2652 679 2678 summa
697 2642 850 2679 numeri
870 2644 958 2683 219,
964 2644 1015 2678 46
1033 2646 1068 2677 et
1086 2635 1193 2677 sinus
1210 2639 1307 2676 versi
1358 2648 1436 2687 quo
1454 2636 1489 2674 Ι
1491 2649 1571 2675 una
1589 2650 1670 2676 esse
1687 2637 1841 2676 deberet
1858 2637 1891 2674 si
1909 2637 2110 2676 velocitate
2124 2651 2196 2675 5110
2213 2637 2396 2675 mediocri

261 2692 463 2740 duplicatae
474 2693 662 2731 distantiae
677 2695 808 2732 Lunce
826 2707 850 2731 α
868 2689 1109 2743 quadratura

256 2742 432 2793 proximli
450 2746 492 2783 in
508 2747 648 2784 circulo
667 2746 778 2797 cujus
796 2748 927 2789 radius
946 2753 999 2784 est
1016 2747 1107 2784 uni·

262 2803 347 2841 tas-,-
376 2809 475 2834 areae
493 2805 737 2836 momentum
763 2799 804 2836 in
830 2806 976 2848 puncto
997 2799 1033 2836 P
1051 2806 1108 2836 est

263 2855 310 2887 ut
331 2854 459 2889 10973
479 2851 533 2903 -Ι-
558 2851 593 2888 Ρ
607 2851 645 2897 (1,
667 2860 724 2889 051
741 2859 873 2890 autem
894 2852 929 2888 P
948 2851 973 2889 d
992 2851 1106 2889 dimi-

263 2901 373 2940 dium
415 2902 522 2940 sinus
540 2916 669 2941 versus
687 2904 892 2953 duplicatae
917 2903 1107 2942 distantiae

265 2955 395 2993 Lunae
413 2969 435 2994 a
453 2956 686 3006 quadratura
697 2955 883 3006 proxima,
899 2969 990 2994 nam
1004 2956 1107 2995 dica-

264 3015 328 3047 tur
356 3010 398 3047 N
424 3020 614 3058 punctum
645 3011 685 3047 in
714 3023 792 3061 quo
818 3010 920 3047 linea
952 3010 985 3047 P
1007 3010 1048 3047 K
1070 3009 1106 3047 L

263 3070 366 3100 secat
377 3061 578 3105 circulum,
595 3063 665 3100 erit
677 3076 788 3102 arcus
805 3063 840 3101 P
858 3063 890 3101 C
909 3063 948 3100 N
963 3062 1107 3111 duplus

264 3115 455 3153 distantiae
485 3115 521 3153 P
543 3116 575 3154 C
603 3129 627 3154 a
653 3114 887 3167 quadratura
918 3115 1105 3164 proxima,

264 3167 457 3219 ductaque
478 3168 518 3206 N
531 3181 557 3205 n
575 3169 880 3218 perpendiculari
898 3169 939 3206 in
953 3168 1107 3206 radium

268 3222 303 3259 P
325 3222 362 3260 T
390 3222 462 3259 erit
495 3222 530 3259 P
549 3234 576 3258 n
604 3222 712 3260 sinus
742 3235 873 3260 versus
901 3221 1107 3270 duplicatae

264 3274 369 3312 illius
396 3274 599 3321 distantiae,
629 3276 696 3313 sed
714 3274 804 3313 cum
835 3276 876 3313 N
895 3288 921 3312 n
948 3282 988 3312 et
1018 3274 1060 3313 K
1078 3275 1105 3313 d

265 3328 341 3365 sint
355 3327 690 3377 perpendiculares
708 3328 748 3365 in
767 3328 944 3366 eamdem
962 3328 1104 3366 lineam

261 3378 429 3432 ideoque
457 3381 661 3430 parallelae,
695 3389 734 3420 et
764 3381 813 3419 sit
838 3389 1028 3430 punctum
1063 3382 1105 3420 K

263 3434 438 3473 medium
456 3434 569 3472 lineae
591 3435 627 3473 P
648 3436 699 3481 N,
720 3435 792 3473 erit
803 3435 918 3473 etiam
938 3434 965 3473 d
982 3435 1104 3473 medi-

263 3487 466 3525 umlineae
501 3487 594 3533 Pn,
618 3487 986 3553 eritquePd={
1008 3489 1101 3535 Pn,

262 3540 343 3578 sive
361 3540 434 3578 erit
454 3540 490 3578 P
507 3540 534 3578 d
551 3515 758 3579 dimidium
786 3539 892 3579 sinus
917 3542 1014 3580 versi
1031 3541 1106 3580 du-

263 3592 415 3642 plicatae
442 3592 632 3632 distantiae
670 3595 797 3633 Lunae
823 3609 848 3633 a
872 3593 1108 3646 quadratura

263 3643 450 3695 proxima,
479 3653 537 3685 est
560 3659 653 3698 ergo
678 3655 920 3687 momentum
946 3660 1045 3686 areae
1075 3656 1122 3688 ut
1151 3662 1304 3690 summa
1355 3657 1573 3689 moveretur
1597 3659 1769 3700 tempore
1796 3651 1886 3690 dato
1909 3652 1941 3691 C
1964 3652 2011 3698 P,
2040 3659 2079 3690 et
2106 3650 2263 3689 locum·
2251 3663 2293 3688 m
2310 3662 2388 3711 quo

263 3698 418 3736 numeri
452 3703 579 3739 10975
610 3701 727 3752 421·
751 3701 786 3739 P
811 3714 838 3738 n
867 3702 1052 3740 existente
1075 3702 1183 3742 radio
1213 3709 1302 3751 loo,
1354 3701 1486 3741 revera
1514 3710 1571 3742 est
1601 3711 1694 3741 tunc
1722 3704 1915 3754 temporis,
1947 3706 2058 3756 cujus
2084 3703 2240 3755 quidem
2267 3703 2388 3741 varia-

264 3764 334 3789 seu
357 3758 403 3789 ut
419 3752 537 3813 hujus
554 3753 778 3803 quantitatis
805 3753 969 3803 duplum
999 3759 1130 3795 21946
1148 3757 1202 3809 -ξ-
1224 3757 1258 3796 Ρ
1276 3769 1303 3795 n
1356 3755 1471 3794 tionis
1488 3756 1726 3794 conditiones
1752 3770 1798 3796 ex
1826 3758 2058 3806 problemate
2076 3757 2247 3807 sequenti
2270 3768 2386 3805 expo-

266 3802 432 3855 ideoque
450 3806 480 3843 si
500 3805 630 3845 radius
647 3806 695 3844 sit
718 3811 732 3844 1
757 3816 802 3845 ut
821 3812 910 3854 219,
915 3812 966 3846 46
987 3808 1040 3860 4-
1066 3808 1101 3846 P
1119 3822 1157 3847 n.
1356 3821 1446 3846 nere
1464 3809 1575 3848 facile
1593 3809 1675 3847 erit.

2392 3687 2412 3711 ῠ
