2540 4296
291 249 393 298 176
623 270 626 273 ·
803 247 1377 299 PHILOSOPHIAE
1416 248 1872 301 NATURALIS
1926 249 2044 312 [DE
2064 248 2267 300 MUND.
2290 250 2442 301 SYST.

285 386 479 438 nubem
512 405 624 439 esse
661 404 753 439 seu
781 405 1027 455 vaporem
1053 406 1083 437 a
1109 388 1276 455 capite
1303 398 1519 438 cometae
1548 389 1745 459 jugiter
1770 398 2065 458 surgentem
2092 399 2143 439 et
2167 389 2445 441 abeuntem

285 479 341 529 in
377 490 552 548 partes
592 500 623 531 a
663 479 792 531 Sole
824 471 1044 537 aversas.
1124 479 1326 548 Opinio
1362 480 1532 547 prima
1559 498 1737 530 eorum
1764 490 1840 530 est
1866 479 1953 548 qui
1990 479 2223 530 nondum
2260 480 2441 530 imbuti

286 584 406 621 sunt
444 567 653 621 scientia
691 586 868 620 rerum
906 569 1213 637 opticarum.
1291 568 1430 619 Nam
1459 568 1616 637 jubar
1644 569 1777 620 Solis
1810 569 1865 618 in
1891 567 2444 619 cubiculotenebroso

285 679 393 712 non
432 661 678 723 cernitur,
716 661 817 711 nisi
843 671 1096 730 quatenus
1131 661 1533 713 luxereflectitur
1557 679 1587 712 e
1612 662 1886 729 pulverum
1912 673 1963 712 et
1987 660 2248 712 fumorum
2283 663 2444 730 parti·-

286 750 415 802 culis
453 768 550 818 per
587 751 761 801 a'e'rem
799 767 1004 817 semper
1042 750 1408 802 volitantibus:
1449 750 1671 819 ideoque
1705 751 1761 801 in
1786 753 1904 802 acre
1929 749 2081 800 fumis
2110 750 2444 801 crassioribus

285 841 475 892 infecto
502 841 943 910 splendidius'est,
973 852 1025 893 et
1051 859 1258 893 sensum
1282 839 1465 898 fortius
1490 840 1639 903 ferit3
1666 840 1721 890 in
1746 843 1865 892 a'e‘re
1890 840 2110 892 clariore
2138 840 2342 891 tenuius
2369 850 2446 891 est

287 941 338 982 et
375 930 567 1002 aegrius
606 931 855 983 sentitur:
896 931 949 982 in
989 932 1132 982 coelis
1170 940 1344 982 autem
1383 930 1492 981 sine
1529 928 1742 980 materia
1781 930 2076 982 reflectente
2108 929 2309 980 nullum
2335 948 2446 981 esse

285 1007 470 1090 potest.
549 1022 670 1073 Lux
713 1041 821 1073 non
866 1022 1095 1073 cernitur
1140 1020 1394 1090 quatenus
1437 1020 1492 1071 in
1527 1020 1715 1089 jubare
1755 1030 1848 1082 est,
1894 1019 1987 1071 sed
2029 1019 2282 1089 quatenus
2327 1019 2448 1070 inde

287 1112 572 1163 reflectitur
608 1111 675 1162 ad
696 1111 887 1163 ‘Oculos
920 1120 1142 1161 nostros.
1220 1109 1360 1162 Nam
1401 1108 1531 1160 visio
1573 1127 1682 1162 non
1716 1108 1778 1160 fit
1808 1109 1910 1160 nisi
1942 1127 2049 1178 per·
2064 1109 2237 1161 radios
2263 1112 2352 1180 qui
2390 1110 2446 1160 in

292 1202 470 1254 oculos
505 1203 818 1273 impingunt.
897 1201 1205 1271 Requiritur
1241 1200 1401 1271 igitur
1425 1199 1643 1251 materia
1667 1199 1840 1269 aliqua.
1864 1197 2133 1250 reflectens
2159 1200 2212 1250 in
2237 1200 2450 1270 regione

292 1292 491 1355 caudae,
544 1310 610 1342 ne
661 1290 851 1342 coelum
893 1298 1064 1340 totum
1104 1289 1221 1340 luce
1269 1289 1404 1341 Solis
1445 1289 1757 1340 illustratum
1797 1288 2122 1339 uniformiter
2161 1288 2451 1357 splendeat.

294 1381 493 1450 Opinio
531 1379 762 1432 secunda
785 1377 962 1430 multis
999 1378 1252 1447 premitur
1288 1378 1688 1447 difficultatibus.
1767 1377 1963 1429 Caudae
1988 1396 2256 1448 nunquam
2289 1378 2475 1429 varie-.

290 1483 483 1545 gantur
514 1471 814 1524 coloribus:
855 1470 944 1540 qui
980 1480 1155 1521 tamen
1191 1468 1560 1522 refractionum
1599 1469 1768 1521 solent
1793 1487 1904 1520 esse
1941 1469 2152 1520 comites
2188 1468 2454 1536 insepara-

289 1564 437 1616 biles.
514 1562 638 1625 Lux
675 1561 903 1613 fixarum
941 1571 992 1613 et
1027 1560 1352 1630 planetarum
1392 1559 1632 1612 distincte
1670 1560 1739 1612 ad
1773 1579 1869 1611 nos
1906 1561 2206 1612 transmissa
2239 1560 2455 1612 demon-

292 1665 421 1708 strat
446 1655 677 1707 medium
704 1655 913 1707 coeleste
939 1652 1081 1705 nulla
1108 1653 1158 1705 vi
1183 1652 1453 1705 refractiva
1478 1653 1691 1721 pollere.
1759 1652 1910 1704 Nam·
1926 1651 2066 1722 quod
2091 1652 2295 1715 dicitur,
2324 1646 2459 1702 fixas

297 1746 363 1797 ab
406 1744 672 1816 AEgyptiis
718 1754 944 1795 cometas
988 1761 1366 1812 nonnunquam
1402 1742 1536 1794 visas
1573 1741 1747 1804 fuisse,
1793 1741 1864 1804 id,
1905 1742 2151 1811 quoniam
2194 1739 2456 1793 rarissime

293 1835 563 1907 contingit,
616 1834 1024 1899 adscribendum
1087 1844 1164 1885 est
1223 1835 1442 1886 nubium
1492 1833 1790 1885 refractioni
1840 1833 2084 1886 fortuitae.
2197 1834 2454 1886 Fixarum

296 1942 506 1995 quoque
546 1923 766 1974 radiatio
810 1933 862 1974 et
904 1923 1198 1976 scintillatio
1237 1923 1304 1975 ad
1346 1923 1681 1975 refractiones
1724 1934 1836 1974 tum
1869 1925 2139 1976 oculorum
2176 1933 2288 1976 tum
2324 1924 2459 1976 a‘e'ris

302 2014 511 2066 tremuli
537 2012 823 2064 referendae
850 2024 999 2064 sunt:
1029 2013 1221 2083 quippe
1247 2032 1364 2083 quae
1389 2013 1611 2065 admotis
1637 2013 1789 2064 oculo
1815 2013 2103 2082 telescopiis
2130 2022 2458 2066 evanescunt.

295 2106 450 2158 A'e‘ris
493 2116 543 2157 et
585 2105 981 2156 ascendentium
1015 2124 1268 2175 vaporum
1303 2116 1528 2158 tremore
1569 2107 1644 2169 fit,
1684 2117 1743 2158 ut
1778 2107 1910 2158 radii
1948 2108 2096 2159 facile
2134 2108 2200 2160 de
2238 2116 2462 2179 angusto

297 2197 514 2266 pupillae
553 2197 720 2264 spatio
756 2215 852 2264 per
889 2196 1027 2248 vices
1074 2196 1496 2267 detorqueantur,
1531 2197 1597 2249 de
1640 2197 1823 2249 latiore
1860 2207 2032 2249 autem
2065 2197 2186 2249 vitri
2222 2197 2464 2267 objectivi

298 2285 542 2357 apertura
582 2287 903 2356 neutiquam.
981 2287 1113 2338 Inde
1140 2297 1219 2338 est
1243 2286 1385 2357 quod
1411 2287 1704 2339 scintillatio
1729 2287 1784 2337 in
1812 2287 1974 2356 priori
2010 2306 2132 2338 casu
2168 2296 2460 2358 generetur,

297 2378 351 2428 in
388 2376 678 2445 posteriore
715 2385 891 2427 autem
928 2386 1124 2429 cesset:
1166 2386 1218 2428 et
1244 2376 1458 2428 cessatio
1484 2377 1538 2427 in
1562 2376 1851 2444 posteriore
1877 2395 2000 2428 casu
2025 2376 2346 2427 demonstrat
2382 2394 2464 2427 re-

295 2469 534 2540 gularem
569 2467 1014 2519 transmissionem
1051 2466 1182 2519 lucis
1218 2486 1315 2536 per
1352 2467 1511 2519 coelos
1550 2466 1660 2519 sine
1697 2467 1850 2520 omni
1877 2467 2188 2536 refractione
2215 2465 2461 2518 sensibili.

297 2543 382 2612 Ne
413 2558 528 2628 quis
545 2561 826 2630 contendat
851 2559 993 2631 quod
1031 2559 1213 2611 caudae
1239 2577 1347 2617 non
1372 2559 1570 2611 soleant
1593 2558 1759 2610 videri
1794 2558 1849 2609 in
1877 2558 2107 2622 cometis,
2136 2555 2256 2609 cum
2283 2575 2463 2608 eorum

295 2656 391 2707 lux
417 2670 525 2704 non
550 2662 628 2704 est
653 2652 775 2704 satis
800 2651 971 2715 fortiS,
1004 2651 1124 2720 quia
1149 2651 1432 2722 tunc-radii
1459 2650 1751 2707 secundarii
1775 2668 1882 2701 non
1907 2649 2102 2701 habent
2129 2648 2251 2700 satis
2277 2647 2464 2699 virium

298 2740 365 2791 ad
391 2740 569 2792 oculos
594 2740 896 2803 movendos,
926 2750 978 2791 et
1006 2749 1287 2809 propterea
1313 2739 1506 2792 caudas
1526 2739 1752 2809 fixarum
1769 2756 1876 2789 non
1898 2737 2070 2789 cerni:
2099 2735 2176 2806 (¹¹¹)
2196 2735 2465 2787 sciendum

300 2845 377 2885 est
402 2834 545 2904 quod
570 2834 664 2886 lux
689 2833 914 2886 fixarum
939 2833 1058 2903 plus
1086 2844 1294 2885 centum
1319 2833 1518 2884 vicibus
1543 2831 1721 2902 augeri
1745 2839 1917 2900 potest
1940 2828 2286 2880 mediantibus
2313 2826 2466 2878 teles-

300 2924 480 2993 copiis,
519 2942 617 2975 nec
654 2933 830 2976 tamen
868 2923 1051 2974 caudae
1089 2931 1389 2974 cernuntur.
1466 2921 1801 2975 Planetarum
1839 2937 2046 2989 quoque
2081 2918 2175 2969 lux
2208 2917 2466 2986 copiosior

300 3023 394 3075 est,
436 3012 617 3064 caudae
653 3010 785 3077 vero
816 3011 1009 3063 nullae:
1049 3022 1266 3063 cometae
1292 3021 1467 3062 autem
1495 3027 1633 3078 saepe
1660 3007 2010 3059 caudatissimi
2036 3016 2172 3069 sunt,
2211 3006 2302 3056 ubi
2328 3005 2466 3074 capi-

300 3116 411 3156 tum
449 3104 542 3156 lux
579 3104 749 3156 tenuis
788 3114 866 3155 est
901 3114 953 3156 et
987 3104 1138 3155 valde
1164 3104 1365 3155 obtusa.
1444 3102 1530 3154 Sic
1555 3100 1693 3152 enim
1721 3109 1923 3151 cometa
1948 3100 2071 3150 anni
2102 3105 2259 3160 1680,
2288 3114 2466 3147 mense

307 3194 612 3257 Decembri,
650 3213 755 3264 quo
781 3204 1016 3264 tempore
1041 3205 1199 3264 caput
1221 3194 1337 3245 luce
1363 3190 1451 3244 sua
1478 3192 1568 3243 vix
1593 3190 1833 3261 aequabat
1857 3190 2028 3242 stellas
2055 3188 2296 3242 secundae
2320 3206 2465 3257 mag-

299 3286 566 3350 nitudinis,
596 3287 815 3338 caudam
839 3287 1108 3339 emittebat
1133 3286 1409 3356 splendore
1432 3283 1649 3336 notabili
1674 3303 1838 3355 usque
1863 3283 1931 3335 ad
1954 3283 2149 3355 gradus
2175 3290 2263 3346 40,
2285 3290 2371 3345 50,
2394 3289 2462 3334 60

300 3376 383 3427 vel
409 3382 478 3433 70
505 3373 846 3448 longitudinis
873 3387 924 3429 et
948 3375 1113 3429 ultra:
1153 3385 1335 3446 postea
1359 3375 1477 3427 Jan.
1506 3379 1574 3429 27
1597 3383 1649 3425 et
1674 3379 1740 3425 28
1765 3383 1921 3442 caput
1940 3372 2223 3443 apparebat
2242 3381 2300 3423 ut
2319 3370 2466 3422 stella

304 3466 538 3533 septimae
565 3475 769 3518 tantum
793 3465 1186 3538 magnitudiniS,
1228 3464 1394 3517 cauda
1430 3462 1556 3515 vero
1580 3463 1697 3514 luce
1725 3461 1935 3532 quidem
1958 3462 2198 3531 pertenui
2224 3460 2315 3512 sed
2342 3459 2464 3511 satis

309 3554 538 3605 sensibili
563 3555 720 3627 longa
757 3564 868 3609 erat
893 3562 943 3608 6.
971 3555 1055 3607 vel
1082 3560 1130 3610 7.
1158 3553 1370 3626 graduS,
1400 3562 1452 3605 et
1475 3552 1592 3604 luce
1618 3540 2011 3614 obscurissimam
2056 3568 2172 3621 quae
2200 3549 2341 3601 cerni
2380 3548 2462 3598 vix

359 3691 425 3743 (m)
453 3697 473 3717 ¹*
506 3696 710 3733 Sciendum
730 3702 794 3732 ese.
858 3695 916 3733 Ut
943 3701 1081 3732 notum
1099 3701 1157 3732 est
1174 3705 1223 3733 ex
1241 3692 1354 3732 teles-
1408 3689 1566 3728 visionis
1598 3689 1844 3729 distinctione
1875 3695 1914 3727 et
1942 3677 2235 3737 telescopiorur'n
2269 3683 2462 3723 beneficiis

304 3744 502 3792 copiorum
524 3748 669 3785 theoria
688 3748 791 3796 apud
804 3760 940 3785 omnes
958 3748 1099 3796 passim
1111 3759 1240 3785 rerum
1256 3746 1356 3795 opti·
1410 3744 1516 3782 dedit
1541 3743 1684 3783 clariss.
1701 3743 1760 3783 vir
1775 3743 1924 3782 Robert
1939 3739 2065 3782 Smith
2091 3740 2133 3778 in
2159 3738 2302 3777 eximio
2332 3737 2460 3788 Opere

303 3810 436 3835 carum
457 3809 493 3838 ct
515 3800 810 3849 catoptricarum
830 3801 1042 3849 scriptores.
1079 3799 1155 3838 Sed
1174 3812 1219 3837 ca
1236 3799 1355 3848 potis-
1415 3797 1570 3847 Optico.

304 3850 447 3889 simum
474 3852 553 3904 legi
580 3861 778 3891 merentur
804 3866 891 3904 quae
919 3854 968 3892 de
996 3852 1093 3891 lucis
1120 3853 1352 3898 intensitate,
