2540 4296
258 253 360 301 114·
787 251 1353 308 PHILOSOPHIAE
1392 210 1848 323 NATURALrs
1882 253 2002 320 [DE
2024 247 2404 340 Munn‘qsrsr.

334 395 498 447 Corol.
530 401 612 447 10.
688 396 753 448 In
780 396 1000 466 syzygiis
1028 396 1197 448 Lunae
1236 397 1302 466 (P)
1339 381 1617 465 parallaxis
1642 398 1751 467 ejus
1774 395 2109 449 horizontalis
2133 398 2406 452 mediocris

255 480 311 532 in
336 473 695 534 latitudinibus
721 483 1059 553 graduumfio,
1088 492 1173 548 30,
1203 492 1289 548 38,
1317 473 1411 547 45,
1435 491 1521 549 52,
1546 492 1635 550 60,
1665 494 1752 548 90,
1780 494 1858 537 est
1883 486 1984 542 57'.
2011 488 2129 550 2o'',
2158 489 2258 543 57².
2289 491 2404 553 16⁹,

257 570 358 624 57'.
391 571 504 632 ΙΨ,
535 571 635 625 57'.
667 569 781 633 12⁷2
813 572 913 625 57'.
945 572 1062 634 10'',
1091 574 1192 628 57'.
1221 574 1304 635 δ”,
1334 573 1435 628 57’.
1463 573 1546 637 41'.
1573 572 1874 642 respective.

330 657 395 708 In
433 656 513 708 his
551 658 1023 726 computationibus
1049 660 1409 712 attractionem
1434 662 1779 732 magneticam
1806 661 1989 713 Terrae
2024 678 2132 712 non
2170 663 2404 716 conside-

252 746 378 807 ravi,
426 746 570 814 cujus
597 747 773 816 utique
799 746 1058 817 quantitas
1084 766 1339 817 perparva
1381 757 1483 800 estr‘
1501 733 1554 800 et
1591 749 1875 820 ignoratur.
1955 750 2010 802 Si
2048 751 2257 820 quando
2282 753 2404 804 vero

253 833 367 884 haec
400 834 638 885 attra‘ctio
673 835 973 906 investigari
995 837 1205 905 poterit,
1244 846 1295 888 et
1330 842 1589 890 mensurae
1613 837 1873 908 graduum
1909 838 1965 888 in
2000 839 2303 903 meridianO,
2344 859 2404 892 ac

253 923 603 993 longitudInes
645 924 995 992 pendulorum
1038 924 1434 977 isochronorum
1477 925 1533 975 in
1576 924 1791 977 diversis
1833 926 2107 994 parallelis,
2159 926 2404 998 legesque

250 1027 484 1064 motuum
509 1013 683 1075 mariS,
723 1023 775 1066 et
808 1013 1089 1083 parallaxis
1115 1013 1297 1074 Lunae*
1323 1031 1442 1064 cum
1480 1013 1744 1065 diametris
1781 1015 2148 1083 apparentibus
2179 1016 2313 1068 Solis
2352 1027 2404 1068 et

252 1104 419 1155 Lunae
446 1123 512 1155 ex
536 1104 894 1172 phaenomenis
918 1098 1591 1172 accuratius'det'erminatae
1616 1103 1835 1156 fuerint:
1865 1105 1928 1173 (q)
1949 1105 2123 1157 licebit
2148 1106 2402 1158 calculum

250 1194 390 1247 hunc
416 1213 625 1247 omnem
650 1195 938 1248 accuratius
963 1199 1213 1265 repetere.

539 1375 1014 1429 PROPOSITIO
1053 1356 1396 1445 XXXVIII.
1474 1377 1907 1432 PROBLEMA
1945 1363 2110 1431 XIX,

855 1518 1093 1585 Invenire
1104 1519 1337 1588 figuram
1363 1521 1586 1587 corporis
1610 1520 1791 1571 Lunae.

320 1658 375 1710 Si
418 1677 606 1728 corpus
644 1659 825 1712 lunare
859 1659 1080 1734 fluidum
1119 1671 1255 1714 esset
1299 1662 1367 1714 ad
1410 1662 1571 1714 instar
1595 1663 1753 1714 maris
1778 1663 1959 1727 nostri,
1999 1662 2074 1714 vis
2112 1660 2295 1714 Terrae
2332 1661 2401 1715 ad
2445 1712 2450 1715 ,

243 1748 461 1801 fluidum
487 1751 614 1802 illud
659 1753 713 1803 in
757 1752 992 1821 partibus
1035 1764 1086 1805 et
1125 1753 1310 1804 citimis
1351 1763 1402 1805 et
1446 1754 1639 1805 ultimis
1667 1753 1974 1805 elevandum
2016 1763 2150 1805 esset
2188 1753 2255 1805 ad
2294 1753 2400 1805 vim

242 1837 428 1901 Lunae,
475 1839 574 1909 qua
602 1858 745 1891 mare
770 1851 1004 1892 nostrum
1047 1842 1101 1892 in
1144 1841 1377 1910 partibus
1422 1852 1473 1895 et
1513 1843 1611 1895 sub
1656 1842 1811 1895 Luna
1855 1853 1907 1894 et
1950 1842 2120 1894 Lunae
2145 1842 2396 1911 oppositis

242 1926 507 1990 attollitur,
554 1928 612 1996 (¹)
658 1938 716 1980 ut
754 1929 978 1999 gravitas
1023 1929 1356 1982 acceleratrix
1401 1931 1572 1983 Lunae
1615 1932 1669 1982 in
1716 1931 1939 1984 Terram
1983 1931 2050 1983 ad
2093 1922 2526 2005 gravitatem

295 2070 352 2123 (P)
392 2075 476 2108 123.
538 2074 559 2096 ³*
591 2074 803 2111 Parallaaeis
825 2072 953 2110 Lunae
971 2073 1217 2112 horizontalis
1244 2074 1286 2112 in

239 2123 396 2161 diversis
415 2124 683 2162 latitudinibus
712 2139 777 2162 seu
798 2125 987 2163 distantiis
1015 2129 1063 2164 ab
1092 2135 1287 2177 aequatore

240 2177 484 2215 determinari
513 2187 647 2227 potest.
711 2179 921 2216 Parallaxis
951 2180 1079 2217 Lunae
1107 2182 1284 2218 horizon-

239 2230 325 2269 talis
353 2240 408 2268 est
437 2230 651 2269 differentia
670 2231 841 2269 locorum
870 2232 910 2268 in
937 2233 1078 2281 quibus
1100 2233 1215 2271 Luna
1241 2234 1283 2271 in

238 2283 435 2323 horizonte
455 2285 588 2332 posita,
622 2298 667 2322 ex
702 2293 833 2322 centro
862 2293 900 2322 et
929 2286 1129 2334 superficie
1151 2287 1283 2324 Terrae

239 2340 434 2376 observata
453 2338 553 2374 inter
585 2338 714 2375 stellas
747 2338 842 2374 fixas
873 2339 1115 2387 conspicitur.
1178 2341 1281 2379 Haec

239 2400 370 2429 autem
389 2392 562 2428 locorum
581 2391 762 2428 distantia
781 2392 940 2441 aequalis
959 2400 1016 2429 est
1034 2393 1181 2442 angulo
1208 2395 1282 2432 sub

237 2457 315 2495 quo
331 2444 521 2481 videretur
535 2445 833 2482 semi—diameter
851 2445 979 2482 Terrae
992 2457 1037 2482 ex
1050 2446 1136 2484 loco
1153 2447 1280 2484 Lunae

237 2501 443 2535 observata.
506 2498 564 2535 Sit
594 2498 710 2535 Luna
729 2499 767 2534 in
787 2498 982 2535 horizonte
1002 2500 1211 2537 constituta
1237 2500 1278 2537 in

240 2551 301 2598 L;
339 2553 555 2589 observator
587 2552 627 2588 in
657 2548 870 2599 superficiei
903 2552 1087 2589 terrestris
1119 2553 1204 2591 loco
1237 2554 1274 2597 S,

240 2605 397 2642 Lunam
412 2604 510 2641 inter
529 2605 656 2642 stellas
675 2605 811 2642 referet
830 2604 870 2641 in
890 2606 927 2649 b,
949 2605 1014 2642 sed
1035 2605 1137 2642 idem
1150 2608 1277 2644 obser-

238 2669 344 2696 vator
362 2658 403 2694 in
424 2667 554 2695 centro
577 2659 707 2696 Terrae
728 2658 764 2695 T
784 2658 931 2706 positus
954 2659 1113 2696 Lunam
1140 2660 1278 2698 referet

237 2711 277 2748 in
306 2725 341 2749 a.
400 2712 474 2749 Est
500 2711 619 2762 igitur
655 2710 872 2749 differentia
909 2711 1082 2749 locorum
1120 2713 1278 2763 aequalis

237 2778 260 2802 a
281 2765 315 2802 L
335 2767 372 2812 b,
405 2764 472 2814 qui
504 2773 677 2815 aequatur
709 2765 854 2814 angulo
890 2764 916 2802 S
948 2765 982 2803 L
1016 2766 1063 2809 T,
1097 2768 1169 2804 sub
1200 2778 1279 2817 quo

238 2819 536 2856 semi-diameter
558 2819 688 2856 Terrae
716 2831 737 2856 e
761 2818 848 2855 loco
867 2817 995 2855 Lunae
1016 2819 1052 2855 ¹L
1071 2828 1274 2868 spectatur.

241 2872 316 2910 Sed
365 2872 546 2922 quoniam
598 2872 718 2909 Terra
778 2879 835 2909 est
880 2870 1019 2921 figurae

236 2925 505 2974 sphaeroidicae,
545 2924 835 2962 semi-diametri
863 2924 946 2974 ejus
974 2924 1017 2962 in

237 2978 395 3016 diversis
420 2978 690 3016 latitudinibus
717 2978 817 3015 inter
843 2991 883 3015 se
903 2977 1014 3015 diffe-

237 3040 340 3078 runt,
375 3040 412 3070 et
442 3039 500 3070 est
521 3031 822 3070 semi-diameter
845 3031 1016 3069 maxima

237 3085 452 3123 secundum
477 3095 709 3136 aequatorem
734 3084 784 3122 ad
810 3085 1013 3122 minimam

236 3139 453 3176 secundum
480 3140 600 3187 polos,
632 3139 711 3175 sive
739 3138 779 3175 in
808 3138 1014 3176 latitudine

238 3191 323 3230 900.
365 3200 410 3230 ut
459 3196 666 3231 19658600
711 3190 759 3228 ad
809 3195 1016 3230 19575000

236 3244 393 3289 circiter,
440 3253 573 3295 estque
626 3257 760 3281 earum
804 3244 1019 3282 differentia

236 3302 367 3337 85472
415 3298 551 3351 (Prop.
605 3298 734 3336 XIX.
782 3297 870 3336 Lib.
914 3297 1014 3348 huj.)

236 3351 277 3387 in
296 3351 383 3388 aliis
398 3351 898 3389 latitudinibus-differentia
915 3351 1016 3388 inter

235 3404 467 3443 diametrum
511 3406 721 3443 maximam
766 3412 806 3441 et
840 3403 1014 3463 quarqvis
1061 3403 1175 3443 aliam
1221 3408 1278 3441 est

237 3458 286 3496 ad
306 3458 561 3497 differentiam
590 3458 756 3506 priorem
784 3457 826 3494 in
844 3458 991 3495 ratione
1010 3455 1208 3507 duplicata
1227 3456 1276 3493 si.

237 3511 310 3547 nus
329 3513 446 3550 totius
474 3512 521 3549 ad
550 3511 678 3548 sinum
707 3510 877 3561 cujusvis
904 3510 1121 3548 latitudinis
1139 3522 1276 3560 quam-

237 3565 413 3611 proxime
433 3566 572 3617 (Prop.
595 3565 695 3602 XX.
716 3565 802 3602 Lib.
822 3564 923 3615 huj.)
943 3564 1033 3601 hinc
1053 3565 1092 3601 in
1113 3562 1277 3613 syzygiis

240 3617 367 3655 Lunae
385 3619 587 3667 parallaxis
605 3618 689 3668 ejus
707 3617 950 3655 horizontalis
968 3617 1183 3661 mediocris,
1203 3616 1276 3652 boc

237 3679 306 3714 est,
333 3673 399 3708 ubi
427 3671 608 3709 distantia
625 3679 843 3708 centrorum
866 3671 994 3708 Lunae
1012 3677 1051 3708 et
1071 3671 1202 3708 Terrae
1220 3674 1277 3705 est

238 3724 630 3761 semi-diametrorum
664 3724 922 3761 maximarum
961 3724 1092 3761 Terrae
1128 3725 1276 3761 59.566

239 3775 386 3812 circiter
400 3778 510 3826 (Cor.
526 3776 578 3825 8.)
596 3778 668 3814 sub
683 3784 874 3826 aequatore
889 3776 1083 3814 invenitur
1098 3774 1274 3816 dicendo,

239 3837 284 3866 ut
311 3836 367 3866 cst
394 3829 573 3867 distantia
602 3830 729 3867 Lunae
752 3842 774 3867 a
795 3827 916 3867 Terra
940 3831 976 3868 L
1000 3830 1026 3868 S
1042 3845 1099 3865 =
1119 3831 1276 3872 59566,

1359 2074 1410 2113 ad
1436 2074 1784 2113 semi-diametrum
1811 2075 2020 2113 maximam
2057 2075 2094 2113 T
2126 2075 2152 2114 S
2182 2091 2239 2112 =
2275 2079 2311 2122 1,
2344 2071 2399 2113 ita
2468 2054 2537 2122 ns‘jr„

1358 2128 1467 2167 sinus
1484 2135 1588 2166 totus
1606 2128 1654 2166 ad
1674 2129 1804 2165 sinum
1822 2129 1956 2178 anguli
1979 2129 2015 2166 T
2036 2128 2071 2166 L
2095 2129 2133 2174 S,
2155 2129 2222 2178 qui
2242 2136 2299 2166 est
2316 2128 2392 2168 57¹.

2509 2185 2520 2201 )

1358 2181 1443 2220 20⁶.
1479 2181 1550 2220 ,1η
1566 2181 1650 2218 aliis
1672 2182 1798 2218 Lunae
1816 2181 1910 2219 locis
1928 2181 2118 2218 minuitur
2135 2181 2338 2230 parallaxis
2355 2181 2397 2219 in

1356 2231 1493 2272 eadem
1519 2232 1600 2272 fere
1627 2235 1773 2272 ratione
1792 2247 1836 2272 ac
1863 2234 2155 2271 semi-diametri
2186 2236 2329 2280 Terrae,
2359 2243 2398 2272 et

1354 2287 1446 2325 hinc
1475 2287 1667 2338 prodeunt
1696 2287 1906 2335 parallaxes
1938 2288 1979 2324 in
2013 2287 2281 2324 latitudinibus
2308 2301 2399 2338 gra·

1354 2338 1477 2378 duum
1502 2346 1540 2378 O.
1566 2346 1627 2378 30.
1653 2345 1715 2377 38.
1733 2345 1797 2380 45.
1822 2344 1886 2379 52.
1911 2345 1973 2379 60.
1997 2345 2059 2379 90.
2083 2340 2215 2390 quales
2234 2353 2257 2377 a
2278 2341 2396 2379 New-

1317 2432 1334 2449 ‚v
1352 2401 1447 2432 tono
1465 2394 1781 2432 determinantur.

1407 2446 1463 2499 (q)
1488 2451 1507 2471 ’¹‘
1526 2449 1668 2486 Licebit
1684 2449 1878 2486 calculum
1892 2449 1995 2486 hunc
2009 2461 2158 2486 omnem
2177 2447 2395 2486 accuratim

1351 2507 1524 2549 repetere.
1568 2499 1746 2538 Theoriae
1763 2500 1942 2538 Newtoni
1958 2499 2006 2537 de
2024 2500 2057 2538 F
2061 2501 2155 2538 luxu
2167 2507 2204 2537 et
2223 2500 2394 2538 Refluxu

1354 2553 1478 2591 Maris
1497 2553 1663 2602 plurima
1681 2554 1742 2591 hic
1770 2554 2029 2603 potuissemus
2047 2553 2269 2604 adjungere,
2298 2567 2395 2604 quo.

1349 2618 1436 2643 rum
1465 2620 1538 2656 ope
1565 2607 1732 2644 calculos
1763 2605 1978 2645 accuratius
2008 2615 2178 2655 repetere
2210 2606 2388 2645 licuisset.

1354 2659 1501 2697 Verum
1521 2660 1718 2697 materiam
1738 2660 1970 2698 exhauriunt
1989 2659 2281 2710 elegantissimae
2298 2660 2394 2697 Dis.

1351 2713 1573 2751 sertationes
1591 2725 1687 2763 quas
1707 2713 1796 2750 Vol.
1824 2714 1912 2750 111.
1937 2712 2168 2750 addidimus.

1406 2765 1460 2818 (Υ)
1493 2769 1513 2790 ¹*
1545 2769 1595 2804 Ut
1611 2768 1775 2815 gravitas
1793 2768 2041 2804 acceleratrix.
2107 2766 2164 2804 Sit
2184 2766 2231 2810 T,
2252 2765 2392 2815 globus

1354 2819 1485 2858 Terrae
1516 2819 1637 2857 fluido
1669 2819 1758 2857 satis
1786 2819 1979 2868 profundo
2013 2819 2047 2856 Ε
2073 2819 2122 2865 Λ,
2155 2826 2388 2867 compertus,

1346 3399 1471 3450 sitque
1491 3399 1541 3444 L,
1569 3397 1708 3449 globus
1728 3396 1857 3435 Lunae
1884 3401 2105 3444 coopertus
2123 3392 2244 3431 fluido
2274 3392 2308 3431 F
2330 3393 2380 3431 B.

1350 3453 1390 3492 Si
1409 3453 1574 3504 gravitas
1593 3450 1834 3489 acceleratrix
1851 3450 1981 3487 Terrae
2000 3449 2040 3485 in
2059 3448 2212 3485 Lunam
2228 3447 2386 3497 aequalis

1346 3514 1444 3544 esset
1462 3505 1637 3557 gravitati
1652 3501 1904 3542 acceleratrici
1919 3502 2045 3539 Lunae
2061 3501 2099 3537 in
2118 3500 2290 3541 Terram,
2311 3500 2385 3537 hoc

1345 3567 1403 3597 est
1420 3560 1450 3597 si
1470 3558 1627 3610 aequalis
1646 3564 1742 3595 esset
1755 3556 1924 3594 materiae
1936 3555 2127 3605 quantitas
2145 3553 2186 3590 in
2208 3550 2326 3591 Luna
2344 3559 2384 3590 et

1346 3613 1387 3650 in
1410 3613 1543 3658 Terra,
1568 3611 1672 3660 globi
1692 3609 1771 3647 duo
1792 3610 1840 3656 T,
1865 3609 1913 3654 L,
1943 3621 2023 3646 sese
2040 3613 2313 3655 componerent
2340 3606 2383 3641 in

1346 3665 1490 3716 figuras
1508 3662 1775 3714 sphaeroidicas
1793 3662 1934 3699 similes
1952 3672 2115 3711 quarum
2135 3671 2225 3696 axes
2255 3657 2303 3695 M
2327 3658 2380 3703 A,

1350 3719 1386 3756 B
1407 3719 1459 3763 N,
1484 3719 1655 3769 jacerent
1678 3717 1719 3752 in
1744 3715 1933 3752 directum
1961 3714 2089 3764 (106).
2152 3710 2254 3748 Cum
2275 3710 2380 3747 enim

1347 3771 1477 3808 omnia
1496 3770 1586 3808 hinc
1605 3768 1696 3806 inde
1714 3776 1905 3816 ponantur
1924 3765 2085 3814 aequalia
2102 3771 2239 3811 praeter
2257 3763 2379 3811 ipsam

1347 3823 1503 3870 molem,
1533 3822 1641 3860 nulla
1668 3829 1723 3860 cst
1751 3820 1846 3858 ratio
1864 3832 1933 3857 cur
1956 3819 2090 3868 figurae
2109 3817 2187 3854 illae
2207 3829 2282 3853 non
2303 3816 2380 3854 sint
