2540 4296
272 290 374 337 162
770 282 1335 336 PHILOSOPHIAE
1375 283 1827 338 NATURALIS
1864 284 1982 349 [DE
2011 286 2213 339 MUND.
2244 277 2397 341 sYsr'.

338 428 458 480 Jam
495 428 563 479 ad
599 428 779 479 orbem
803 437 1017 478 cometae
1043 426 1508 489 determinandum,
1537 427 1694 498 selegi
1719 446 1787 479 ex
1814 428 2252 482 observationibus
2277 431 2400 484 hac-

268 530 418 571 tenus
445 518 731 587 descriptis,
759 528 863 569 tres
889 536 1014 587 quas
1043 517 1385 568 Flamstedius
1409 515 1590 569 habuit
1613 517 1745 570 Dec.
1774 525 1858 569 21.
1886 519 2002 570 Jan.
2024 526 2071 571 5.
2099 530 2150 571 et
2174 522 2289 573 Jan.
2314 528 2400 575 ⁶25.

270 609 333 677 (¹³)
371 608 455 660 Ex
490 607 570 658 his
608 606 780 659 inveni
820 607 857 658 S
881 616 902 658 t
932 607 1157 674 partium
1199 612 1389 659 9842.1
1423 615 1475 657 et
1501 606 1552 658 V
1576 616 1599 658 t
1621 607 1847 675 partium
1871 614 1993 671 455,
2022 609 2196 678 quales
2227 618 2400 663 10000

269 707 388 751 sunt
430 694 832 748 semi-diameter
875 695 1014 746 orbis
1057 695 1248 765 magni.
1323 693 1467 746 Tum
1509 694 1576 746 ad
1618 696 1969 763 operationem
2001 697 2223 765 primam
2259 718 2402 751 assu-

267 783 457 836 mendo
500 793 523 834 t
568 783 615 834 B
657 782 883 852 partium
927 788 1083 847 5657,
1127 782 1299 835 inveni
1345 784 1383 835 S
1427 782 1475 835 B
1520 788 1677 847 9747,
1724 784 1772 836 Β
1814 785 1862 837 Ε
1903 785 2070 853 prima
2119 786 2230 838 vice
2279 795 2401 852 412,

273 877 360 937 Sua
380 882 538 939 9503,
557 875 577 927 i
595 884 627 925 λ
644 882 749 927 413
772 894 785 927 :
808 874 915 927 BE
935 873 1158 928 secunda
1178 875 1290 927 vice
1308 880 1432 938 421,
1456 873 1572 926 OD
1598 881 1788 938 10186,
1811 875 1869 928 Χ
1889 883 2081 929 85284
2101 877 2222 929 ΜΡ
2242 885 2400 942 8450,

267 1058 425 1091 cometae
443 1064 467 1089 a
488 1050 587 1089 Sole.
649 1050 707 1089 Sit
725 1050 828 1088 enim
850 1051 886 1089 E
908 1051 944 1089 L
962 1050 1087 1100 portio
1104 1049 1300 1100 eclipticae,
1357 1051 1588 1096 observatus,
1617 1064 1640 1090 a
1657 1049 1742 1089 loco
1759 1050 1852 1089 nodi
1875 1051 1912 1091 O
1933 1054 2176 1093 subtrahatur
2195 1054 2401 1105 longitudo

272 1105 337 1143 Sol
366 1105 407 1141 in
443 1105 481 1150 S,
512 1103 677 1142 latitudo
707 1111 865 1142 cometae
900 1105 932 1142 C
955 1105 1004 1150 I;
1038 1104 1079 1141 in
1110 1104 1306 1153 triangulo
1359 1111 1524 1142 cometae
1559 1104 1594 1149 I,
1628 1104 1867 1153 relinquetur
1897 1117 2007 1142 arcus
2047 1107 2083 1144 Ο
2117 1108 2153 1145 Ι.
2213 1108 2330 1145 Datis
2361 1108 2403 1145 in

273 1159 306 1196 C
338 1158 358 1195 Ι
394 1158 429 1200 S.
461 1157 510 1195 ad
546 1157 566 1194 I
597 1157 822 1207 rectangulo
853 1159 908 1207 (7.
935 1157 1021 1194 Lib.
1049 1156 1160 1204 111.)
1194 1156 1308 1194 datur
1359 1156 1555 1207 triangulo
1591 1156 1632 1193 K
1664 1156 1700 1193 Ο
1740 1156 1775 1202 Ι,
1814 1156 1864 1194 ad
1898 1157 1920 1196 Ι
1954 1160 2191 1208 rectangulo,
2220 1161 2408 1198 lateribus

268 1211 370 1249 latus
392 1211 424 1249 C
447 1211 482 1256 Ι,
504 1210 672 1260 itemque
689 1218 825 1247 notum
845 1217 901 1247 est
920 1209 1019 1246 latus
1040 1210 1062 1247 I
1086 1209 1112 1247 S
1131 1209 1309 1247 differen-

268 1264 323 1302 tia
350 1263 639 1314 longitudinum
672 1262 769 1301 Solis
797 1270 835 1300 et
861 1270 1031 1306 cometae,
1062 1260 1224 1312 ideoque
1250 1263 1310 1299 in-

273 1317 436 1354 notescit
453 1316 634 1354 distantia
650 1323 811 1353 cornetae
829 1328 852 1353 a
872 1314 962 1352 Sole
984 1316 1016 1353 C
1040 1315 1077 1353 S.

326 1374 415 1408 152.
441 1369 481 1407 Si
499 1368 650 1406 duobus
661 1369 797 1406 diebus
810 1381 890 1405 sese
909 1367 1072 1406 invicem
1090 1366 1312 1406 immediate

270 1422 590 1471 subsequentibus
606 1423 853 1459 observentur
869 1420 1134 1471 longitudines
1155 1421 1213 1467 H,
1233 1421 1254 1458 I
1274 1430 1313 1459 et

270 1475 492 1513 latitudines
514 1476 546 1513 C
569 1475 628 1521 H,
659 1474 697 1512 K
722 1474 741 1511 Ι
768 1482 929 1512 cometae
955 1474 1127 1524 alicujuS,
1158 1472 1313 1511 dabitur

271 1541 383 1566 arcus
414 1527 456 1565 K
479 1528 511 1566 C
539 1540 654 1577 quem
681 1535 830 1564 cometa
854 1534 965 1564 motu
990 1526 1130 1564 diurno
1159 1527 1322 1574 proprio

270 1581 479 1630 descripsit.
542 1579 738 1624 Quoniam
759 1581 863 1617 enim
882 1581 921 1616 in
934 1579 1129 1629 triangulo
1147 1579 1188 1616 K
1203 1580 1250 1616 M
1267 1579 1313 1626 C,

272 1633 386 1672 datur
403 1633 572 1684 angulus
589 1645 705 1683 quem
725 1633 881 1670 metitur
899 1645 1009 1670 arcus
1034 1633 1056 1670 Ι
1079 1633 1122 1670 H
1142 1632 1315 1682 longitu-

273 1687 413 1725 dinum
449 1686 675 1732 differentia,
714 1686 905 1736 simulque
942 1693 1032 1722 nota
1068 1692 1158 1723 sunt
1198 1686 1317 1723 latera

276 1740 319 1777 K
351 1742 412 1785 M,
447 1740 479 1777 C
509 1740 570 1785 M,
604 1752 690 1789 quae
726 1748 816 1777 sunt
852 1739 1029 1777 datarum
1064 1738 1316 1776 latitudinum

279 1793 322 1830 K
344 1793 378 1837 1,
405 1794 437 1831 C
461 1792 502 1829 H
525 1793 817 1840 complementa,
839 1792 1051 1829 innotescet
1068 1803 1180 1829 arcus
1202 1792 1244 1829 K
1266 1791 1311 1829 C.

275 1846 317 1884 Si
335 1845 425 1884 ver&
442 1845 561 1883 altera
579 1845 742 1883 latitudo
760 1845 877 1883 fuerit
890 1844 1080 1890 australis,
1097 1842 1195 1892 puta
1212 1845 1244 1882 C
1261 1845 1319 1890 H,

271 1900 394 1939 altera
420 1898 584 1938 borealis
610 1906 655 1937 ut
685 1899 723 1937 G
745 1899 796 1945 N,
827 1899 929 1937 latus
952 1898 989 1936 G
1009 1898 1058 1935 M
1087 1905 1144 1936 est
1169 1909 1322 1936 summa

844 2083 920 2136 M

229 2982 233 2987 ·
282 2955 497 2997 latitudinis
520 2956 558 2995 G
580 2957 620 2995 N
638 2962 676 2994 et
694 2954 921 3006 quadrantis
944 2955 987 2993 N
1006 2955 1066 2998 M,
1097 2967 1142 2993 ac
1160 2954 1321 3005 proinde

284 3012 400 3050 etiam
419 3012 460 3048 in
480 3011 551 3048 boc
569 3023 661 3048 casu
680 3009 834 3047 dabitur
851 3021 962 3046 arcus
984 3009 1017 3046 C
1041 3008 1092 3046 G.

343 3068 426 3112 155.
457 3063 601 3101 Iisdem
629 3061 885 3105 manentibus,
915 3060 1077 3098 inveniri
1104 3069 1229 3111 potest
1255 3076 1326 3101 no.

286 3116 360 3155 dus
390 3116 426 3154 Ο
455 3115 587 3153 orbitae
607 3123 777 3159 cornetae,
807 3113 905 3152 datis
933 3113 1037 3151 enim
1063 3113 1105 3151 in
1132 3115 1329 3166 triangulo

289 3170 337 3208 M
361 3170 393 3207 C
417 3168 458 3206 K
486 3168 667 3205 lateribus
696 3168 741 3204 M
767 3168 809 3211 C,
842 3167 889 3204 M
913 3166 968 3212 K,
997 3179 1088 3204 cum
1107 3169 1253 3218 angulo
1269 3169 1329 3207 in-

287 3230 456 3270 tercepto
478 3222 523 3258 M
538 3234 654 3270 quem
674 3220 830 3258 metitur
847 3219 1137 3270 longitudinum
1153 3222 1330 3260 datarum

289 3274 504 3313 differentia
536 3275 576 3311 H
614 3274 643 3317 1,
674 3272 826 3311 dabitur
852 3273 1022 3323 angulus
1050 3273 1100 3311 M
1121 3273 1163 3311 K
1188 3274 1233 3318 C,
1263 3275 1332 3326 qui

289 3341 336 3366 ex
369 3327 479 3365 1800.
501 3326 726 3372 subductus,
755 3325 937 3375 relinquit
955 3325 1145 3377 angulum
1169 3327 1205 3365 Ο
1228 3328 1270 3365 Κ
1292 3328 1325 3366 Ι.

290 3381 381 3421 Jam
410 3379 499 3418 verb
526 3380 625 3418 datis
643 3378 837 3429 triangulo
869 3380 905 3417 O
928 3378 970 3416 K
993 3379 1028 3423 Ι,
1056 3380 1106 3417 ad
1135 3379 1158 3417 1
1183 3388 1331 3419 rectan-

289 3435 396 3483 gulo,
417 3433 619 3471 latitudine
643 3433 659 3469 1
685 3432 739 3478 K,
768 3439 806 3469 et
824 3431 969 3483 angulo
991 3431 1029 3470 Ο
1053 3431 1095 3469 K
1117 3432 1151 3479 Ι,
1181 3433 1330 3472 inveni-

289 3495 354 3525 tur
381 3486 547 3537 angulus
577 3486 597 3523 I
623 3485 660 3524 O
684 3485 738 3529 K,
768 3484 956 3536 daturque
982 3497 1093 3522 arcus
1121 3486 1159 3524 Ο
1188 3487 1225 3533 Ι,
1252 3499 1331 3537 quo

289 3539 422 3578 addito
442 3538 675 3589 longitudini
697 3539 732 3585 Ι,
758 3539 954 3576 obtinetur
971 3537 1151 3577 distantia
1168 3539 1261 3577 nodi
1291 3540 1329 3578 O

290 3607 313 3630 a
342 3592 529 3640 principio
567 3592 718 3629 Arietis.
780 3591 843 3628 Ex
876 3590 1179 3639 praecedentibus
1213 3599 1329 3640 patet,

291 3645 389 3682 datis
407 3644 557 3682 duabus
575 3643 861 3682 ascensionibus
878 3643 990 3681 rectis
1008 3650 1047 3680 et
1065 3645 1332 3683 declinationi-

290 3699 375 3741 bus,
405 3697 565 3735 inveniri
594 3710 748 3747 quoque
766 3704 916 3734 motum
935 3703 1094 3734 cometae
1120 3696 1332 3746 proprium,

291 3749 580 3787 inclinationem
598 3752 733 3788 orbitae
752 3749 800 3787 ad
819 3756 1050 3799 aequatorem
1077 3757 1117 3787 et
1143 3758 1333 3799 punctum

290 3803 332 3840 in
351 3814 429 3851 quo
447 3805 569 3841 orbita
587 3802 654 3840 illa
672 3810 904 3853 aequatorem
923 3802 1136 3840 intersecat.

347 3859 433 3894 154.
461 3855 605 3893 Iisdem
624 3855 756 3904 positis
773 3855 823 3893 sit
844 3855 886 3893 K
905 3854 1013 3893 locus
1031 3861 1192 3895 cometae
1210 3854 1335 3905 prime

1370 1209 1412 1247 K
1436 1210 1469 1255 Ι,
1504 1210 1540 1247 Ο
1564 1209 1599 1253 I,
1630 1208 1784 1246 dabitur
1810 1222 1920 1247 arcus
1950 1210 1992 1248 K
2014 1211 2050 1249 O
2079 1225 2195 1262 quem
2213 1221 2362 1251 cometa
2384 1226 2409 1251 a

1368 1263 1494 1311 primo
1513 1261 1784 1300 observationis
1802 1262 1865 1300 die
1883 1276 2005 1313 usque
2032 1264 2080 1300 ad
2108 1265 2322 1314 eclipticam
2341 1266 2409 1304 de-

1364 1315 1522 1362 scripsit.
1582 1316 1674 1353 Jam
1701 1314 1790 1352 ver&
1816 1329 1926 1353 arcus
1947 1316 1989 1354 K
2014 1317 2050 1354 O
2082 1318 2299 1356 conferatur
2317 1331 2409 1356 cum

1363 1370 1529 1405 arcubus
1548 1368 1744 1416 descriptis
1762 1370 1810 1405 ab
1828 1369 1937 1406 initio
1954 1371 2225 1408 observationis
2244 1380 2407 1408 cornetae

1364 1420 1407 1457 in
1438 1421 1490 1465 K,
1521 1421 1570 1458 ad
1589 1421 1723 1458 datum
1742 1434 1864 1471 usque
1882 1422 2039 1472 aliquod
2057 1433 2298 1461 momentum
2329 1424 2408 1461 sin-

1366 1473 1469 1523 gulis
1505 1473 1641 1511 diebus
1676 1486 1745 1522 pro
1782 1475 1936 1513 arbitrio
1967 1485 2222 1524 assumptum.
2296 1477 2408 1515 Hinc

1367 1527 1641 1574 proportionali
1673 1533 1780 1574 parte
1811 1527 1994 1572 adhibita,
2026 1529 2175 1567 circiter
2203 1528 2409 1580 colligetur

1368 1587 1522 1626 tempus
1550 1591 1628 1629 quo
1660 1587 1809 1617 cometa
1849 1580 1970 1618 secuit
1998 1581 2222 1630 eclipticam.
2284 1582 2406 1620 Simili

1368 1632 1484 1669 modo
1502 1632 1720 1669 invenietur
1737 1640 1889 1682 tempus
1904 1646 1980 1683 quo
1997 1635 2145 1685 trajecit
2163 1644 2408 1685 aequatorem.

1427 1689 1513 1724 155.
1549 1684 1590 1723 Si
1621 1693 1770 1723 cometa
1799 1686 1921 1734 prim&
1949 1688 2170 1726 observetur
2199 1689 2240 1725 in
2271 1687 2410 1725 eadem

1368 1736 1474 1776 recta
1500 1751 1591 1776 cum
1617 1738 1766 1776 duabus
1794 1739 1890 1785 fixis,
1921 1739 2059 1777 deinde
2086 1741 2125 1777 in
2157 1741 2231 1778 alia
2257 1753 2411 1790 quoque

1369 1790 1475 1829 recta
1493 1804 1583 1829 cum
1603 1792 1754 1829 duabus
1772 1791 1855 1829 aliis
1873 1792 1959 1829 fixis
1977 1794 2206 1837 observetur,
2236 1793 2412 1831 accurate

1374 1844 1542 1895 trajectis
1569 1857 1636 1895 per
1653 1852 1818 1894 quatuor
1844 1845 1930 1882 illas
1957 1845 2084 1882 stellas
2101 1845 2251 1883 duobus
2269 1846 2344 1882 filis
2369 1846 2412 1883 in

1376 1897 1576 1947 superficie
1602 1898 1708 1949 globi
1735 1897 1908 1945 coelestis,
1927 1898 2153 1951 (intersectio
2171 1899 2325 1937 filorum
2344 1898 2412 1936 de-

1381 2955 1601 2995 terminabit
1625 2956 1756 2995 locum
1775 2963 1935 2995 cometae
1961 2969 2030 3006 pro
2056 2965 2228 3007 tempore
2245 2958 2418 2997 observa-

1378 3009 1507 3047 tionis.
1570 3009 1610 3047 Si
1629 3010 1764 3047 eodem
1782 3009 1899 3048 modo
1916 3010 2150 3049 definiantur
2167 3011 2243 3048 alia
2260 3019 2419 3050 cometae

1378 3061 1474 3108 loca,
1494 3062 1598 3100 illius
1616 3063 1749 3101 semita
1767 3063 1808 3101 in
1826 3063 2026 3112 superficie
2042 3064 2148 3116 globi
2172 3064 2333 3102 coelestis
2351 3064 2418 3102 de-

1380 3114 1596 3153 lineabitur.

1437 3172 1526 3207 156-
1559 3166 1752 3207 Accurate
1778 3169 1987 3221 designatis
2015 3168 2057 3206 in
2082 3169 2283 3218 superficie
2312 3169 2418 3220 globi

1382 3229 1543 3259 cometae
1561 3220 1665 3268 locis,
1684 3222 1796 3260 filum
1814 3222 1966 3261 duobus
1983 3222 2078 3260 locis
2095 3222 2327 3271 applicatum
2351 3235 2420 3272 per

1383 3282 1520 3312 caetera
1548 3275 1678 3313 omnia
1706 3275 1983 3324 propemodum
2015 3277 2173 3313 transire
2201 3275 2417 3322 videbitur3

1383 3327 1466 3365 haec
1494 3327 1615 3378 igitur
1644 3328 1729 3366 loca
1759 3327 1840 3366 fere
1866 3336 1956 3367 sunt
1979 3328 2021 3366 in
2047 3327 2261 3378 peripheria
2287 3328 2420 3366 circuli

1383 3380 1555 3427 maximi,
1591 3378 1757 3430 ide6que
1791 3390 1940 3419 cometa
1974 3393 2021 3419 ex
2060 3380 2181 3420 Terra
2210 3381 2252 3418 in
2287 3380 2420 3418 circuli

1382 3433 1542 3471 maximi
1569 3432 1782 3483 peripheria
1812 3434 1987 3472 incedere
2018 3434 2224 3483 apparebit.
2285 3432 2417 3478 Quare

1383 3484 1415 3522 si
1433 3485 1544 3524 filum
1565 3499 1633 3535 per
1650 3486 1730 3525 duo
1747 3487 1830 3525 loca
1848 3487 2034 3525 transiens
2051 3487 2279 3525 extendatur
2297 3486 2419 3524 donec

1383 3538 1596 3587 eclipticam
1616 3548 1655 3577 et
1672 3548 1902 3590 aequatorem
1921 3547 2032 3586 secet,
2052 3541 2295 3578 habebuntur
2312 3539 2420 3577 locus
2478 3575 2484 3582 ,

1383 3591 1490 3638 nodi,
1528 3600 1568 3630 et
1602 3592 1801 3631 inclinatio
1835 3593 1967 3631 orbitae
2001 3592 2196 3630 cometicae
2227 3592 2419 3642 simulque
2483 3599 2486 3602 ’

1386 3652 1576 3693 punctum
1595 3646 1635 3682 in
1653 3658 1733 3695 quo
1750 3654 1898 3684 cometa
1914 3646 2052 3696 trajicit
2069 3652 2311 3695 aequatorem.

1441 3698 1495 3749 (b)
1519 3700 1539 3722 ⁴¹*
1562 3701 1626 3738 Ea·
1650 3701 1706 3737 his
1732 3701 1870 3739 inveni.
1932 3697 2024 3743 Qua
2050 3698 2195 3735 ratione
2222 3702 2421 3745 sequentes

1387 3749 1723 3789 determinationes
1740 3752 1887 3800 possint
1904 3750 2067 3789 inveniri
2084 3750 2142 3787 vel
2161 3747 2341 3799 graphice
2360 3748 2421 3786 vel

1387 3803 1634 3847 arithmetice,
1656 3811 1759 3853 patet
1772 3817 1818 3842 ex
1834 3804 2114 3842 constructione
2129 3802 2243 3850 Prop.
2263 3802 2424 3850 praeced.

1388 3863 1427 3895 et
1444 3869 1492 3896 ex
1510 3856 1557 3896 iis
1575 3870 1662 3907 quae
1679 3857 1772 3896 huic
1793 3856 2050 3906 Propositioni
2068 3854 2296 3894 addidimus.
