2540 4296
83 277 266 330 Ltssnn
293 274 592 338 Tnmms.]
669 269 1071 324 PRINCIPIA
1113 264 1729 324 MATHEMATICA.
2157 271 2223 320 27

77 1422 245 1473 angulus
265 1421 304 1459 A
327 1419 396 1459 Tl
422 1418 544 1470 major
561 1416 634 1456 erit
651 1416 798 1467 angulo
829 1415 867 1454 A
891 1416 927 1453 T
945 1428 998 1461 m,
1028 1427 1118 1476 pro-

76 1473 193 1514 dueta
223 1475 351 1524 itaque
382 1472 398 1510 1
418 1473 456 1511 Τ
479 1472 523 1509 in
543 1471 594 1518 V,
627 1470 797 1521 angulus
824 1468 839 1507 l
859 1469 894 1508 T
916 1469 955 1507 V
984 1469 1120 1518 anguli

80 1531 118 1568 A
134 1528 197 1568 Tl
217 1526 544 1577 complementum
562 1524 690 1563 minor
707 1525 780 1562 erit
797 1522 944 1574 angulo
964 1525 995 1560 A
1013 1523 1050 1561 T
1065 1523 1116 1569 N,

136 1650 215 1687 Cas.
243 1650 278 1683 2.
342 1644 399 1682 Sit
417 1643 584 1695 angulus
613 1643 654 1681 N
676 1642 713 1681 T
733 1642 769 1680 P
796 1641 1020 1692 negativus;
1049 1642 1123 1680 hoc

77 1707 134 1738 est
167 1700 216 1737 sit
251 1706 443 1747 punctum
484 1697 525 1734 N
559 1696 601 1733 in
638 1695 910 1745 consequentia
946 1702 1124 1744 respect-u

75 1752 213 1803 puncti
235 1752 281 1796 P,
311 1751 361 1788 sit
388 1749 476 1788 vero
499 1750 540 1795 Q
560 1750 596 1787 T
618 1749 654 1787 P
682 1748 879 1798 positivus,
909 1748 983 1786 hoc
1002 1755 1059 1786 est
1077 1747 1126 1786 sit

75 1813 267 1854 punctum
292 1804 327 1843 P
354 1805 395 1842 in
415 1802 677 1842 semi-circulo
699 1803 739 1847 Q
760 1801 798 1841 A
817 1813 843 1853 q
862 1809 900 1840 et
917 1801 1059 1851 pariter
1077 1801 1127 1839 sit

73 2794 99 2832 S
121 2794 157 2832 T
185 2795 228 2833 N
254 2794 453 2845 positivus,
480 2796 535 2834 ita
558 2803 603 2834 ut
629 2797 671 2835 N
689 2796 739 2836 sit
765 2796 806 2834 in
830 2797 945 2835 semi.

69 2848 214 2886 circulo
258 2850 294 2886 A
331 2849 371 2892 Q
399 2850 447 2896 B,
486 2850 518 2887 si
556 2851 598 2888 N
638 2850 673 2888 P
712 2849 946 2903 (secundum

70 2899 358 2951 consequentia)
379 2902 426 2940 sit
444 2903 570 2940 minor
583 2904 705 2942 tribus
723 2904 945 2954 quadranti-

69 2955 153 2999 bus,
186 2955 222 2992 P
249 2954 444 3005 distabit-a
462 2965 607 3004 puncto
624 2970 651 2994 n
669 2958 800 2994 minus
824 2957 945 3006 quad-

69 3014 190 3054 rante,
209 3006 376 3060 ideoque
389 3010 685 3058 retroproductis
703 3010 814 3048 lineis
835 3011 883 3049 M
897 3012 944 3057 P,

73 3060 109 3097 L
129 3060 162 3097 P
188 3061 229 3097 in
256 3074 295 3098 m
324 3068 363 3099 et
389 3062 415 3108 l,
443 3061 535 3100 cum
562 3063 598 3101 L
623 3064 671 3102 sit
692 3064 769 3102 Soli
790 3064 947 3113 propius

70 3111 188 3162 quam
207 3114 268 3158 M,
289 3114 360 3153 erit
377 3115 392 3152 l
410 3129 433 3153 a
455 3116 543 3155 Sole
561 3117 745 3156 remotius
755 3116 874 3168 quam
893 3130 945 3164 m,

71 3164 236 3217 ideoque
253 3168 421 3218 angulus
436 3170 474 3206 A
494 3170 557 3207 Tl
576 3170 698 3220 major
712 3170 784 3208 erit
801 3170 948 3222 angulo

74 3220 114 3258 A
136 3220 173 3257 T
192 3233 229 3263 n,
251 3222 475 3272 etangulus
496 3222 535 3260 A
558 3223 595 3261 T
616 3224 654 3260 V
680 3223 814 3272 prioris
841 3236 947 3261 com-

72 3271 311 3321 plementum
344 3274 471 3313 minor
502 3276 575 3314 erit
604 3276 751 3327 angulo
786 3279 824 3315 A
847 3278 884 3315 T
906 3277 946 3315 N

72 3326 138 3376 qui
158 3333 215 3364 est
242 3327 376 3377 anguli
407 3329 445 3368 A
468 3328 505 3366 T
522 3342 563 3368 m
590 3330 944 3379 complementum3

72 3380 254 3427 processit
285 3392 378 3430 ergo
405 3381 533 3419 nodus
563 3384 612 3421 ab
645 3384 685 3421 N
722 3396 854 3421 versus
892 3384 944 3430 A,

72 3441 202 3470 motus
220 3445 261 3470 er
289 3446 312 3470 o
327 3432 419 3475 nodi
437 3442 493 3474 est
510 3436 784 3489 progressivuS.

129 3485 168 3523 Si
192 3486 231 3524 N
315 3485 363 3524 sit
380 3487 503 3538 major
520 3489 643 3527 tribus
658 3488 948 3540 quadrantibus,

76 3537 112 3576 P
129 3539 260 3577 minus
278 3538 490 3589 quadrante
523 3554 545 3579 a
562 3550 707 3590 puncto
726 3543 764 3581 N
783 3542 948 3587 distabit,

1048 2988 1340 3049 Χ
1370 2935 1536 3080 ³1²

1407 3096 1470 3151 '''·1

1180 1414 1306 1453 nodus
1325 1428 1418 1466 orgo
1436 1417 1484 1453 ab
1507 1415 1547 1454 N
1567 1427 1697 1453 versus
1719 1416 1756 1452 A
1787 1415 1826 1452 in
1847 1416 2119 1466 consequentia
2143 1430 2229 1465 pro-

1179 1469 1344 1516 cesserit,
1364 1469 1495 1520 itaque
1515 1476 1643 1506 motus
1661 1469 1753 1507 nodi
1772 1477 1829 1507 est
1858 1477 1902 1507 ut
1929 1471 2035 1518 prius
2055 1483 2229 1522 progres-

1179 1535 1293 1560 swus.

1177 1641 1296 1692 gulus
1320 1641 1354 1679 A
1380 1642 1449 1679 ΤΙ
1477 1643 1605 1681 minor
1623 1642 1695 1680 erit
1712 1643 1861 1694 angulo
1893 1644 1929 1681 A
1954 1645 1991 1682 T
2013 1645 2066 1691 N,
2103 1645 2230 1683 nodus

1179 1708 1271 1746 ergo
1291 1697 1340 1745 ab
1361 1696 1401 1733 N
1421 1709 1553 1734 versus
1574 1697 1613 1735 A
1632 1697 1824 1746 processit,
1854 1704 1893 1735 et
1910 1705 2042 1736 motus
2058 1699 2152 1737 nodi
2172 1707 2228 1737 est

1179 1748 1454 1797 progressivus.

1236 1804 1320 1840 Cas.
1337 1807 1374 1840 3.
1425 1802 1481 1840 Sit
1500 1802 1669 1853 angulus
1692 1803 1719 1841 S
1736 1803 1773 1840 T
1785 1803 1827 1840 N
1845 1804 2048 1853 negativus
2066 1806 2229 1853 positivo

1349 1855 1600 1893 existentibus
1618 1856 1773 1907 angulis
1792 1858 1834 1901 Q
1846 1858 1881 1895 T
1898 1858 1945 1903 P,
1963 1859 2002 1895 N
2021 1859 2057 1896 T
2075 1859 2121 1896 P.
2157 1860 2229 1897 ‚Sit

1350 1909 1392 1947 N
1415 1909 1450 1947 P
1467 1908 1596 1947 minor
1613 1910 1837 1959 quadrante,
1867 1912 2230 1961 ren-oproducendae

1348 1969 1439 2000 sunt
1457 1962 1570 2000 lineae
1591 1963 1627 2000 P
1648 1963 1709 2009 M,
1736 1964 1770 2001 P
1790 1965 1826 2002 L
1846 1963 2011 2015 ideoque
2038 1966 2052 2003 l
2080 1966 2153 2004 erit
2170 1979 2228 2004 re-

1347 2016 1489 2054 motior
1506 2030 1529 2054 a
1551 2016 1639 2054 Sole
1657 2016 1774 2066 quam
1794 2031 1846 2062 m,
1867 2025 1906 2055 et
1924 2019 2094 2068 angulus
2114 2021 2148 2056 A
2167 2019 2229 2057 ΤΙ

1348 2070 1473 2120 major
1490 2069 1562 2107 erit
1575 2068 1694 2120 quam
1710 2073 1745 2109 A
1763 2072 1860 2114 Tm,
1877 2071 1938 2109 vel
1955 2075 1990 2109 A
2013 2073 2048 2110 T
2063 2073 2115 2118 N,
2137 2072 2228 2110 cum

1348 2135 1442 2174 ergo
1458 2123 1498 2161 N
1511 2123 1561 2162 sit
1572 2124 1612 2160 in
1624 2124 1898 2175 consequentia
1908 2134 2082 2173 respectu
2096 2126 2229 2174 puncti

1352 2176 1404 2222 A,
1424 2176 1518 2227 quia
1535 2177 1706 2227 angulus
1741 2180 1769 2217 S
1796 2178 1905 2218 TN
1937 2186 1994 2216 est
2013 2180 2227 2229 negativus,

1347 2237 1538 2278 punctum
1567 2231 1578 2267 l
1607 2232 1731 2282 magis
1750 2232 1877 2269 adhuc
1897 2231 1937 2268 in
1956 2233 2231 2283 consequenti-a

1346 2283 1583 2332 processerit,
1599 2292 1729 2322 motus
1747 2298 1840 2336 ergo
1858 2285 1950 2323 nodi
1966 2286 2036 2323 erit
2054 2298 2228 2337 progres-

1348 2336 1464 2375 sivus.
1525 2337 1583 2375 Sit
1599 2337 1640 2375 N
1654 2339 1687 2376 P
1701 2340 1826 2389 major
1839 2339 2064 2389 quadrante,
2081 2349 2228 2376 antror-

1347 2402 1435 2427 sum
1456 2390 1717 2439 producendae
1735 2400 1850 2430 erunt
1868 2392 1982 2429 lineae
2004 2393 2039 2430 P
2061 2394 2120 2438 M,
2142 2393 2177 2430 P
2192 2394 2228 2430 L

1321 2485 1326 2494 N
1347 2450 1393 2481 ut
1411 2456 1501 2481 cum
1517 2443 1693 2493 ecliptica
1710 2453 1952 2490 concurrant,
1975 2460 1997 2483 a
2015 2455 2122 2495 parte
2137 2446 2231 2484 nodi

1347 2509 1388 2542 n,
1416 2494 1584 2547 ideoque
1604 2498 1641 2536 L
1660 2498 1732 2536 erit
1750 2500 1907 2548 propius
1929 2499 2008 2537 Soli
2028 2498 2145 2549 quam
2175 2512 2225 2542 m,

1347 2557 1387 2587 et
1417 2552 1589 2602 angulus
1625 2551 1663 2588 A
1703 2552 1740 2590 T
1775 2552 1790 2589 l
1822 2552 1950 2590 minor
1981 2553 2053 2590 erit
2082 2552 2229 2603 angulo

1350 2603 1389 2640 A
1412 2603 1449 2641 T
1467 2616 1522 2652 n;
1550 2602 1718 2656 ideoque
1736 2605 1906 2657 angulus
1929 2607 1967 2643 A
1991 2607 2028 2644 T
2051 2607 2087 2643 V
2106 2606 2229 2656 major

1482 2867 1566 2912 L„-

1406 3168 1596 3425 A&

73 3589 241 3643 cumque
277 3593 317 3631 N
345 3593 395 3631 sit
413 3592 454 3630 in
473 3596 745 3645 consequentia
775 3604 950 3645 respectu
983 3597 1118 3645 puncti
1171 3597 1244 3636 erit
1261 3597 1380 3648 quam
1403 3598 1441 3636 A
1458 3599 1494 3637 T
1514 3598 1568 3645 N,
1590 3610 1683 3648 ergo
1701 3596 1883 3646 processit
1906 3596 2034 3635 nodus
2052 3608 2099 3634 ex
2121 3596 2162 3634 N
2182 3595 2222 3633 in

76 3643 112 3681 P
129 3652 175 3682 ut
193 3653 231 3683 et
249 3654 393 3695 puncta
415 3646 464 3684 M
495 3655 534 3685 et
568 3648 603 3686 L
622 3656 840 3687 antrorsum
859 3649 1129 3698 producendae·
1174 3651 1227 3697 V,
1247 3650 1461 3690 secundum
1481 3651 1766 3701 consequentia.

73 3705 164 3736 sunt
181 3698 296 3736 lineae
316 3700 352 3737 P
373 3700 433 3745 M,
460 3699 494 3737 P
514 3700 550 3739 L
578 3708 623 3739 ut
649 3701 765 3750 plano
784 3702 968 3752 ecliptica·
985 3716 1119 3741 occur-

1228 3707 1316 3743 Art.
1340 3710 1380 3743 3.
1443 3706 1530 3743 Sint
1548 3705 1628 3743 duo
1646 3716 1693 3742 ex
1711 3703 1835 3742 tribus
1861 3702 2017 3754 angulis
2052 3703 2093 3748 Q
2113 3703 2150 3741 T
2172 3702 2220 3747 P,

73 3758 159 3789 rant
177 3751 218 3788 ‘m
237 3765 279 3790 m
297 3761 337 3790 et
353 3751 378 3798 l,
414 3759 453 3790 et
472 3753 562 3792 cum
584 3754 619 3792 L
639 3754 688 3792 sit
709 3754 792 3792 Soli
819 3755 984 3793 vicinius
1002 3755 1119 3806 quam
1176 3754 1218 3796 N
1239 3758 1276 3796 T
1292 3758 1341 3803 P,
1365 3759 1392 3798 S
1410 3758 1447 3796 T
1463 3758 1502 3795 N
1522 3757 1703 3808 negativi,
1723 3757 1858 3795 tertius
1876 3756 2072 3805 positivus,
2093 3763 2223 3794 motus

76 3802 138 3849 M,
158 3804 300 3853 pariter
316 3806 331 3843 1
350 3807 422 3845 erit
444 3807 524 3845 Soli
543 3807 705 3846 vicinius
723 3805 842 3860 quam
860 3820 913 3854 m,
945 3808 1034 3848 hinc
1052 3822 1120 3848 an·
1173 3810 1367 3849 nodorum
1385 3823 1433 3851 ex
1454 3811 1695 3863 progressive
1712 3810 1945 3863 regressivus
1962 3809 2041 3850 fiet.
2148 3809 2151 3813 ’

130 3875 232 3914 Von·
257 3872 342 3917 111.
355 3864 357 3867 V
370 3878 488 3918 Pam
508 3878 570 3917 11.
1124 3882 1158 3922 C
