2540 4296
84 309 267 364 LIBER
285 308 594 375 '‘Tem-ms]
670 307 1073 362 PRINCIPIA
1115 307 1739 362 MATHEMATICA.
2169 324 2236 370 39

84 463 359 517 correctUS‚
401 453 457 504 in
498 451 621 504 dato
659 468 970 521 quocunque
996 450 1259 500 nodorum
1297 451 1414 513 situ,
1461 451 1529 502 ad
1577 452 1689 503 16''.
1721 450 1846 504 16'''.
1878 450 1995 507 371&
2025 461 2131 505 42&
2176 466 2237 507 ut

83 546 135 597 A
162 545 205 596 Z
245 563 330 614 qu·
376 544 443 595 ad
488 545 539 595 A
566 542 617 594 T
656 560 741 611 qu.
758 561 772 603 3
812 541 868 591 id
894 551 988 605 est,
1031 551 1090 593 ut
1115 541 1426 611 quadratum
1454 542 1596 595 sinfis
1624 544 1882 595 distantiae
1908 544 2170 597 nodorum
2207 567 2238 599 a

0 649 1 671 ff
82 635 302 706 syzygiis
329 635 397 687 ad
422 633 737 705 quadratum
763 632 911 683 radii.

405 869 881 925 PROPOSITIO
920 869 1177 922 XXXII.
1258 869 1694 923 PROBLEMA
1734 873 1900 925 XIII.

581 1052 816 1104 Invenire
840 1059 1017 1102 motum
1043 1051 1252 1102 medium
1278 1052 1517 1101 nodo-rum
1546 1051 1727 1102 Lance.

151 1226 333 1278 Motus
358 1225 560 1277 medius
586 1244 789 1277 annuus
816 1234 892 1276 est
917 1242 1118 1275 summa
1143 1232 1381 1274 motuum
1408 1223 1641 1275 omnium
1668 1222 1994 1275 horariorum
2034 1226 2233 1278 medio„

78 1317 242 1368 crium
268 1318 321 1367 in
348 1336 500 1369 anno.
579 1317 811 1386 Concipe
836 1315 1034 1367 nodum
1058 1317 1255 1368 versari
1281 1316 1337 1366 in
1366 1316 1434 1379 N,
1477 1326 1530 1368 et
1555 1317 1770 1388 singulis
1795 1318 1938 1370 horis
1966 1321 2233 1390 completis

77 1407 270 1458 retrahi
295 1407 349 1457 in
374 1407 547 1458 locum
574 1426 725 1458 suum
750 1407 994 1476 priorem,
1025 1416 1082 1457 ut
1107 1425 1216 1457 non
1244 1406 1485 1458 obstante
1506 1418 1651 1459 motu
1678 1426 1772 1460 suo
1796 1409 2028 1477 proprio,
2056 1409 2235 1462 datum

25 1530 45 1544 Α»
78 1513 282 1564 semper
307 1505 475 1547 servet
518 1495 671 1547 situm
698 1496 765 1546 ad
791 1496 962 1547 stellas
991 1495 1141 1546 fixas.
1222 1494 1431 1547 Interea
1455 1494 1580 1547 vero
1609 1495 1784 1548 Solem
1822 1498 1876 1560 S,
1915 1516 2011 1566 per
2036 1510 2235 1550 motum

80 1584 281 1647 Terrae,
309 1583 558 1655 progredi
583 1604 613 1636 a
638 1584 795 1648 nodo,
837 1595 888 1636 et
914 1603 1124 1636 cursum

78 1693 311 1726 annuum
385 1684 725 1742 apparentem
801 1674 1125 1726 uniformiter

78 1762 355 1832 complere.
435 1764 514 1815 Sit
574 1772 746 1814 autem
795 1765 845 1815 A
862 1783 893 1815 a
974 1782 1125 1815 arcus

78 1854 228 1905 datus
273 1851 430 1923 queim
471 1853 733 1916 minimus,
786 1872 941 1923 quem
985 1864 1126 1905 recta

81 1945 132 1997 T
160 1946 198 1998 S
225 1945 292 1997 ad
321 1945 496 1997 Solem
524 1964 728 2015 semper
754 1945 924 2010 ducta,
964 1946 1125 1998 inter-

81 2034 306 2085 sectione
333 2034 413 2085 sui
451 2044 503 2086 et
535 2034 714 2086 circuli
753 2035 807 2086 N
834 2035 883 2086 A
910 2055 962 2099 n,
1003 2036 1125 2087 dato

77 2134 312 2194 tempore
339 2124 494 2195 quaeim
519 2125 735 2176 minimo
761 2127 1034 2178 describit:
1075 2137 1126 2179 et

21 2238 25 2247 =
71 2224 249 2289 *motus
279 2213 518 2266 horarius
554 2215 830 2267 mediocris
871 2220 986 2286 (per
1015 2218 1126 2286 jam

78 2303 304 2369 ostensa)
333 2303 430 2355 erit
453 2312 512 2356 ut
538 2304 590 2356 A
618 2305 660 2356 Z
687 2324 736 2374 q,
769 2304 825 2356 id
849 2316 925 2357 est
953 2306 1041 2375 (ob
1070 2306 1123 2375 (¹)
1189 2369 1193 2372 Ι

77 2394 490 2462 proportionales
518 2395 568 2446 A
591 2394 649 2458 Ζ,
679 2395 722 2446 Ζ
741 2395 814 2462 Y)
841 2405 900 2446 ut
924 2406 1124 2448 rectan-

79 2482 260 2553 gulum
286 2483 383 2534 sub
421 2484 473 2534 A
499 2482 543 2533 Z
579 2493 633 2534 et
671 2484 712 2535 Z
740 2483 809 2546 Y,
847 2484 949 2535 hoc
977 2494 1069 2549 est,
1097 2495 1156 2536 ut
1181 2504 1302 2537 area
1330 2485 1379 2536 A
1409 2484 1451 2535 Z
1476 2484 1528 2535 Y
1555 2503 1601 2535 a.
1677 2483 1749 2534 Et
1775 2501 1977 2533 summa
2002 2481 2234 2533 omnium

80 2571 408 2626 horariorum
433 2584 670 2626 motuum
694 2575 1034 2627 mediocrium
1079 2577 1144 2628 ab
1188 2577 1350 2638 initio,
1397 2585 1455 2626 ut
1498 2593 1700 2626 summa
1726 2574 1957 2624 omnium
1996 2592 2233 2624 arearum

83 2679 114 2712 a
138 2659 191 2713 Y
217 2661 260 2713 Z
286 2662 354 2725 A,
401 2662 455 2714 id
495 2673 586 2727 est,
630 2673 689 2715 ut
731 2682 852 2715 area
893 2664 947 2716 N
985 2666 1036 2715 A
1076 2664 1134 2716 Z.
1213 2665 1289 2733 (¹¹¹)
1333 2664 1430 2714 Est
1473 2672 1647 2713 autem
1683 2661 1912 2712 maxima
1956 2662 2007 2712 A
2047 2661 2089 2711 Z
2127 2661 2179 2712 Y
2203 2681 2234 2712 a

82 2754 294 2824 aequalis
320 2755 624 2826 rectangulo
665 2755 761 2807 sub
803 2774 925 2807 arcu
971 2756 1023 2807 A
1066 2775 1097 2806 a
1136 2765 1189 2807 et
1227 2754 1375 2806 radio
1402 2752 1613 2815 circuli3
1654 2762 1706 2803 et
1730 2761 2006 2820 propterea
2032 2770 2233 2803 summa

84 2847 315 2898 omnium
341 2848 761 2920 rectangulorum
799 2848 851 2898 in
893 2847 1087 2898 circulo
1113 2857 1222 2898 toto
1250 2846 1318 2897 ad
1344 2863 1595 2896 summam
1623 2844 1840 2895 totidem
1865 2843 2229 2906 maximorum,

84 2945 143 2986 ut
168 2955 288 2987 area
313 2937 491 2988 circuli
517 2938 673 2988 totius
700 2936 767 2988 ad
792 2936 1153 3007 rectangulum
1191 2936 1287 2987 sub
1327 2932 1736 2986 circumferentifi
1765 2931 1871 2983 tota
1900 2943 1950 2984 et
1975 2933 2137 2996 radio,
2179 2934 2232 3010 id

87 3033 179 3086 est,
218 3035 277 3075 ut
305 3032 327 3076 1
361 3026 427 3076 ad
454 3032 502 3077 2.
580 3025 762 3078 Motus
790 3037 963 3077 autem
988 3025 1246 3087 horarius,
1293 3023 1594 3093 rectangulo
1620 3022 1849 3073 maximo
1893 3022 2229 3089 respondens,

89 3114 153 3184 (¹¹)
182 3123 292 3166 erat
319 3116 435 3167 16''.
468 3116 591 3168 16'''.
621 3114 738 3171 371&
766 3122 873 3167 42*st
928 3115 999 3166 Et
1021 3114 1107 3165 hic
1132 3123 1320 3176 motus,
1350 3131 1490 3163 anno
1517 3122 1627 3163 toto
1655 3111 1856 3162 sidereo
1881 3111 2083 3162 dierum
2112 3119 2228 3164 365.

88 3202 203 3255 hor.
231 3212 280 3256 6.
306 3204 429 3257 min.
459 3213 508 3258 9.
536 3204 597 3256 fit
624 3212 748 3258 393¹.
777 3205 876 3257 38'.
906 3205 984 3260 7''.
1014 3205 1143 3257 50'''.
1221 3203 1456 3274 Ideoque
1481 3202 1637 3272 hujus
1666 3202 1939 3254 dimidium
1979 3210 2102 3255 193‘.
2131 3203 2230 3255 49'.

92 3295 172 3346 δ”.
203 3294 331 3347 55''‘.
371 3305 448 3347 est
470 3306 643 3347 motus
668 3295 868 3348 medius
893 3292 1170 3359 nodorum,
1200 3295 1392 3347 circulo
1418 3295 1514 3347 toti
1540 3292 1877 3365 respondens.
1955 3294 2025 3346 Et
2061 3303 2232 3345 motus

147 3455 196 3507 (¹)
232 3457 254 3478 ¹*
293 3455 345 3494 Ob
360 3457 652 3505 proportionales
670 3456 710 3493 A
731 3457 774 3498 Ζ,
814 3457 848 3493 Ζ
868 3455 911 3497 Y,
945 3459 1003 3491 est
1034 3453 1139 3490 enim
1192 3452 1320 3491 evadit
1340 3453 1377 3491 T
1399 3452 1450 3499 A,
1479 3460 1519 3491 et
1540 3454 1571 3491 Z
1592 3453 1630 3491 Y
1648 3451 1774 3491 evadit
1793 3452 1950 3503 aequalis
1980 3453 2018 3489 A
2038 3465 2073 3499 a,
2103 3451 2235 3502 sicque

94 3507 131 3545 T
155 3510 191 3546 A
213 3523 223 3546 ·.
252 3508 287 3545 Α
308 3521 332 3545 a
351 3523 360 3546 z
382 3523 391 3545 ι
416 3510 452 3545 A
472 3508 528 3546 Z:
551 3508 583 3545 Z
600 3508 651 3554 Y,
670 3506 835 3557 ideoque
853 3509 903 3544 ob
921 3514 1140 3544 constantes
1197 3507 1233 3543 A
1259 3506 1289 3543 Z
1312 3507 1348 3544 Y
1362 3521 1419 3542 =
1443 3506 1481 3543 A
1504 3507 1541 3544 T
1562 3511 1604 3553 ><
1633 3507 1670 3544 A
1690 3520 1723 3550 a,
1745 3507 1785 3543 in
1804 3506 1985 3543 omnibus
2003 3513 2132 3543 autem
2152 3505 2237 3543 aliis

95 3562 132 3600 T
150 3562 186 3599 A
208 3568 247 3599 et
268 3561 307 3598 A
327 3573 362 3607 a,
382 3560 614 3610 quantitates
638 3562 675 3598 A
693 3561 738 3607 Z,
760 3561 792 3598 Z
815 3561 852 3599 Y
870 3560 1014 3610 ubique
1032 3572 1137 3598 eam·
1190 3559 1344 3608 punctis
1365 3559 1401 3596 T
1420 3559 1457 3597 A
1478 3566 1534 3598 est
1553 3560 1675 3610 major
1692 3558 1809 3609 quzim
1832 3559 1869 3596 A
1885 3559 1939 3604 Z;
1960 3567 1998 3596 et
2019 3559 2057 3595 A
2072 3572 2096 3596 a
2113 3559 2237 3609 major

93 3615 185 3654 dem
204 3609 348 3652 hab'ent
365 3614 466 3650 inter
483 3626 523 3651 se
541 3613 754 3660 rationem3
783 3614 949 3651 ducatur
975 3620 1138 3663 utraque
1191 3611 1310 3663 quem
1331 3612 1363 3649 Z
1384 3612 1432 3657 Y,
1453 3613 1622 3650 maxima
1640 3613 1768 3662 itaque
1792 3613 1827 3649 A
1851 3612 1882 3648 Z
1905 3612 1940 3649 Y
1959 3625 1983 3650 a
2008 3619 2066 3650 est
2082 3614 2236 3663 aequalis

93 3669 134 3706 in
159 3668 194 3706 A
218 3668 249 3705 Z
269 3668 368 3705 facta
390 3668 428 3704 A
444 3667 474 3703 Z
494 3672 534 3712 ><
557 3667 593 3703 A
612 3667 656 3712 Z,
677 3674 715 3704 et
737 3667 768 3703 Z
781 3667 817 3703 Y
836 3671 878 3712 ><
901 3666 939 3703 A
958 3665 989 3702 Z
1009 3665 1137 3704 datam
1191 3668 1411 3716 rectangulo
1430 3667 1500 3706 sub
1519 3680 1616 3705 arcu
1636 3668 1673 3703 A
1691 3680 1715 3703 a
1735 3673 1770 3704 et
1788 3667 1894 3703 radio
1915 3667 2060 3704 circuli.

94 3722 283 3759 rationem
301 3720 446 3771 ubique
465 3720 672 3765 habebunt,
693 3719 766 3757 erit
783 3718 913 3769 itaque
931 3720 970 3757 A
992 3722 1027 3758 Z
1044 3734 1066 3770 q
1093 3727 1139 3758 ut
1247 3719 1305 3770 (¹¹)
1329 3722 1348 3742 ⁸*
1373 3721 1476 3758 Erat
1498 3719 1578 3758 16''.
1605 3717 1695 3757 16'''.
1721 3717 1813 3757 371'.
1839 3717 1922 3756 42v.
1939 3733 1952 3766 ;
1981 3719 2014 3756 is
2033 3718 2135 3756 enim
2155 3725 2238 3756 emt

17 3785 23 3795 ·
95 3776 369 3824 rectomgulum
386 3775 454 3812 sub
474 3774 513 3810 A
536 3775 570 3811 Z
589 3779 624 3810 et
644 3775 680 3811 Z
704 3774 747 3810 Y.
1192 3780 1323 3810 motus
1357 3771 1532 3810 horarius
1568 3771 1772 3810 mediocris
1803 3771 1895 3809 cnm
1927 3772 2020 3809 nodi
2050 3779 2158 3810 erant
2193 3773 2236 3808 in

105 3829 107 3831 ’
155 3826 223 3880 (¹¹¹)
245 3831 265 3852 *¹
289 3829 362 3866 Est
374 3834 504 3866 autem
519 3827 684 3864 maa-ima
705 3826 744 3862 A
759 3828 794 3863 Z
813 3826 851 3863 Y
860 3839 896 3870 a,
917 3824 988 3867 ἃς.
1039 3824 1146 3863 Nam
1199 3824 1453 3876 quadraturis,
1482 3837 1551 3874 per
1581 3825 1697 3874 Prop.
1721 3826 1883 3874 praeced.
1906 3823 2071 3877 ideoque
2097 3825 2139 3874 in
2165 3823 2233 3864 haic

101 3881 258 3932 quando
289 3880 326 3919 T
349 3880 387 3918 A
419 3887 478 3919 est
494 3877 820 3930 perpendicularis
850 3877 893 3915 in
923 3877 964 3916 N
982 3889 1019 3925 n,
1053 3882 1092 3917 A
1114 3878 1146 3916 Z
1204 3878 1322 3929 Prop·
1344 3877 1435 3918 cum
1458 3878 1485 3917 S
1507 3880 1546 3917 A
1568 3878 1605 3917 T
1621 3886 1680 3918 est
1697 3877 2021 3928 perpendicularis
2039 3880 2080 3917 In
2100 3878 2141 3917 N
2160 3890 2197 3918 n.
