2540 4296
289 228 392 277 156

816 218 1380 274 PHILOSOPHIAE
1419 221 1872 274 NATURALIS
1909 223 2026 290 [DE
2048 224 2250 277 Mmm.
2272 227 2430 279 SYs'rl

287 362 572 434 perexigua
609 361 907 422 obvenerit3
959 370 1232 430 postquam
1268 361 1476 412 inventa
1512 373 1631 415 sunt
1664 371 1858 431 puncta
1884 364 1944 427 F,
1980 364 2010 414 f
2032 375 2082 417 et
2110 367 2177 429 G,
2205 386 2256 437 g,
2297 376 2424 420 actae

288 464 445 504 rectae
497 453 542 504 F
565 451 594 502 f
609 460 660 503 et
686 450 740 503 G
764 470 800 520 g
826 450 1074 502 secabunt
1099 450 1152 501 T
1176 451 1227 501 A
1253 459 1304 501 et
1329 471 1354 498 τ
1382 450 1426 502 C
1455 450 1530 518 Gi)
1557 451 1610 501 in
1634 451 1837 519 punctis
1864 452 2088 521 quaesitis
2115 454 2172 505 X
2198 464 2248 506 et
2275 455 2333 507 Z.

343 613 406 666 (ὓ)
425 615 451 638 *²*
472 615 525 650 In
547 612 703 661 punct-is
721 611 881 661 qnaesitis
901 612 950 649 X
961 618 996 649 et
1017 613 1059 649 Z.
1115 610 1193 663 (Ut
1219 615 1324 658 patet

287 680 335 706 ex
353 665 446 704 nota
466 664 535 715 (u),
556 665 597 701 in
614 665 713 701 hanc
735 663 883 712 Prop.).

340 725 429 759 146.
458 718 497 756 Si
515 716 684 765 elliptica
694 725 853 754 cometae
871 716 993 754 orbita
1009 716 1132 766 magis
1150 713 1325 754 accurate

287 770 612 811 observationibus
629 769 844 807 satisfacere
862 769 1178 818 deprehendatur,
1207 781 1253 806 ea
1271 768 1324 805 sic

285 826 425 875 poterit
450 824 622 863 describi.
686 822 915 870 Reperiatur
940 823 1143 872 vestigium
1168 828 1327 859 cometae

285 881 328 917 in
347 880 463 929 plano
481 878 666 925 eclipticae
684 878 725 914 in
744 876 1005 915 observatione
1023 875 1201 919 secunda„
1229 887 1325 911 eun-

286 934 377 971 dem
401 932 576 971 ordinem
603 931 797 981 situmque
825 930 973 968 obtinet
997 929 1202 981 vestigium
1227 926 1327 966 illud

283 2526 381 2564 inter
406 2533 550 2576 puncta
580 2528 630 2572 B,
654 2530 693 2575 b,
723 2533 761 2575 β,
788 2541 903 2579 quem
931 2537 1121 2578 punctum
1150 2529 1195 2577 Z,
1223 2529 1322 2569 inter

285 2581 330 2626 C,
347 2593 380 2626 c,
398 2598 434 2627 κ,
456 2581 514 2618 vel
537 2582 592 2627 X,
614 2581 713 2620 inter
731 2584 780 2626 A,
795 2597 829 2629 a,
846 2600 881 2621 α.
929 2584 992 2622 Ex
1012 2584 1172 2635 vestigio
1189 2583 1242 2622 sic
1260 2584 1321 2621 in-

281 2641 406 2679 vento,
437 2634 486 2672 ad
522 2635 684 2683 planum
720 2636 906 2683 eclipticae
940 2636 1110 2687 erigatur
1137 2636 1321 2675 normalis

279 2699 367 2737 quae
395 2695 452 2725 est
479 2696 642 2738 tangens
672 2688 885 2727 latitudinis
911 2690 953 2727 in
976 2690 1238 2728 observatione
1262 2702 1321 2727 se-

280 2739 410 2778 cunda
438 2740 488 2778 ad
516 2742 670 2779 radium
699 2742 886 2792 aequalem
915 2742 1104 2781 distantiae
1135 2744 1236 2780 inter
1263 2742 1321 2779 lo-

280 2806 369 2830 cum
389 2801 417 2840 t,
437 2794 660 2845 dictumque
679 2795 896 2845 vestigium.
957 2796 1093 2847 Hujus
1118 2795 1321 2844 perpendi-

279 2846 358 2883 culi
378 2855 595 2885 ext1·emum
614 2856 803 2896 punctum
822 2848 988 2898 signabit
1013 2850 1143 2887 locum
1163 2855 1323 2886 cometae

277 2899 320 2936 in
339 2899 462 2938 orbita
479 2900 632 2949 propria
650 2899 820 2939 secund&
835 2904 1088 2939 observatum.
1141 2902 1323 2950 Denique

278 2953 463 2991 umbilico
485 2954 523 2994 S.
545 2966 612 3001 per
630 2961 776 3002 puncta
796 2954 852 3000 X,
872 2955 915 2999 Z,
942 2963 981 2992 et
998 2962 1187 3003 punctum
1206 2952 1324 2990 modo

277 3004 479 3044 inventum
495 3006 731 3045 describatur
744 3006 885 3056 ellipsis
902 3007 1148 3059 (Prop.XX.
1157 3007 1244 3046 Lib.
1253 3007 1322 3056 L),

280 3059 363 3096 haec
382 3059 452 3097 erit
469 3059 630 3108 quaesita
647 3068 808 3099 cometae
829 3060 1056 3110 trajectoria.

336 3117 424 3152 147.
470 3113 534 3150 Ex
565 3112 816 3162 praecedentis
849 3113 1104 3151 Problematis
1134 3112 1324 3150 solutione

279 3165 411 3216 colligi
428 3173 589 3215 possunt
608 3165 746 3215 positio
762 3166 876 3203 lineae
890 3166 1082 3204 nodorum
1100 3165 1325 3217 trajectoriae

282 3226 321 3256 et
355 3226 510 3267 tempus
544 3231 622 3268 quo
659 3226 808 3257 cometa
837 3218 960 3260 nodos
988 3226 1106 3258 tenet·
1177 3218 1325 3257 Iisdem

281 3274 540 3317 manentibus,
569 3278 609 3308 et
634 3284 702 3320 per
719 3272 872 3310 easdem
891 3272 1035 3310 litteras
1052 3272 1261 3321 designatis
1277 3277 1325 3308 ut

280 3324 408 3373 supra,
429 3323 696 3373 producuntur
713 3331 827 3363 rectae
848 3326 879 3362 Z
902 3326 958 3372 X,
982 3326 1021 3364 R
1039 3338 1070 3371 r,
1091 3325 1213 3363 donec
1231 3336 1324 3362 con-

283 3385 440 3415 currant
466 3377 507 3414 in
537 3381 603 3430 52,
629 3374 923 3428 jungamurque
954 3379 981 3417 S
1008 3379 1052 3425 Z,
1085 3378 1112 3416 S
1134 3378 1189 3424 X,
1221 3378 1248 3415 S
1267 3381 1319 3430 Ω.

276 3430 359 3480 jam
379 3429 470 3469 vero
491 3433 555 3482 (ex
575 3431 762 3480 praeced.)
791 3431 880 3469 data
906 3439 998 3469 sunt
1024 3430 1155 3469 omnia
1181 3439 1326 3479 puncta

287 3484 326 3529 S,
351 3484 394 3528 Z,
419 3484 473 3529 X,
503 3484 668 3535 ideoque
694 3484 879 3534 trianguli
910 3485 937 3522 S
963 3485 994 3522 Z
1015 3485 1071 3530 X,
1099 3491 1179 3521 tam
1207 3483 1326 3521 latera

282 3535 402 3586 quam
416 3537 562 3587 anguli,
576 3551 620 3576 ac
634 3537 793 3585 proinde
811 3537 1015 3576 innotescit
1028 3537 1142 3575 etiam
1158 3536 1326 3586 angulus

290 3590 316 3627 S
346 3589 389 3626 X
419 3594 486 3642 εἰ.
561 3592 625 3629 Ex
647 3590 732 3627 loco
762 3602 793 3633 r,
823 3590 988 3628 ducatur
1018 3603 1037 3627 r
1058 3591 1109 3636 O,
1144 3588 1194 3626 ad
1223 3590 1255 3626 Z
1283 3589 1326 3627 X

283 3642 465 3690 parallela
499 3652 611 3681 rectae
652 3644 690 3681 R
725 3643 769 3686 Z,
806 3654 1009 3681 occurrens
1045 3643 1085 3680 in
1123 3642 1172 3687 O,
1211 3649 1326 3680 erunt

285 3695 481 3746 triangula
502 3698 542 3735 R
560 3698 597 3735 Ο
614 3710 632 3734 r
650 3704 689 3734 et
705 3708 725 3733 r
742 3696 784 3733 X
800 3699 865 3749 ὁὶ,
885 3696 1141 3747 aequiangula,
1161 3692 1328 3744 ideoque

286 3741 378 3785 cffin
409 3763 455 3788 ex
484 3750 585 3788 notis
611 3749 803 3789 lateribus(
823 3752 860 3788 0
879 3762 973 3788 r=
996 3750 1026 3786 Z
1050 3749 1104 3795 X,
1137 3758 1176 3785 et
1205 3747 1243 3786 O
1274 3748 1324 3792 R,

286 3800 502 3841 differentia
528 3811 708 3842 notarum
735 3809 927 3842 rectarum
950 3803 989 3840 R
1011 3802 1042 3839 Z
1070 3809 1109 3839 et
1135 3814 1155 3838 r
1177 3800 1215 3837 X
1246 3799 1326 3839 una

1381 620 1472 646 cum
1509 609 1654 660 angulo
1684 617 1788 648 recto
1824 612 1863 649 R
1886 611 1922 649 Ο
1941 624 1972 656 r,
2004 612 2243 652 innotescant
2273 614 2422 666 reliqua

1381 662 1500 699 latera
1517 669 1557 699 et
1573 663 1720 713 anguli,
1749 665 1943 702 dabuntur
1961 670 2114 716 quoque
2139 666 2275 717 anguli
2301 670 2420 706 trian-

1381 713 1466 765 guli
1493 727 1512 751 r
1533 716 1573 752 X
1595 719 1662 768 εὶ.
1718 717 1793 754 Sed
1811 718 1925 756 datur
1949 718 1990 754 in
2008 719 2293 769 hoctriangulo
2319 721 2421 759 latus

1381 779 1507 805 unum
1539 768 1581 806 X
1613 783 1645 815 r,
1677 768 1872 809 dabuntur
1900 770 1993 820 ergo
2028 780 2066 810 et
2101 773 2247 822 reliqua
2281 774 2420 821 nempe

1384 822 1426 859 X
1448 824 1497 873 ἢ
1533 831 1571 860 et
1601 836 1619 859 r
1638 827 1705 876 62.
1765 824 1920 862 Deinde
1950 825 1990 860 in
2021 826 2216 876 triangulo
2240 829 2291 879 Ω
2314 827 2353 863 Χ
2377 827 2416 874 S,

1382 884 1474 914 nota
1491 883 1581 914 sunt
1598 876 1716 916 latera
1735 877 1779 916 X
1801 879 1840 925 S,
1870 879 1914 916 X
1934 881 2001 931 εἰ,
2030 892 2120 918 cum
2140 881 2283 931 angulo
2300 879 2416 917 inter-

1379 2222 1490 2264 cepto
1511 2214 1536 2250 S
1551 2215 1593 2252 X
1608 2218 1674 2267 {Sb
1694 2214 1906 2252 innotescet
1921 2214 2052 2262 itaque
2070 2214 2236 2263 angulus
2252 2214 2294 2250 X
2311 2213 2338 2250 S
2353 2217 2419 2266 Q.

1381 2268 1459 2307 Sed
1478 2267 1590 2305 datur
1618 2271 1704 2320 (per
1720 2267 1887 2315 observ.)
1915 2267 2053 2315 positio
2070 2275 2184 2303 rectae
2207 2266 2233 2303 S
2255 2267 2310 2311 X,
2340 2267 2419 2306 sive

1376 2320 1546 2370 angulus
1573 2334 1688 2370 quem
1717 2320 1806 2357 facit
1830 2332 1921 2357 cum
1949 2320 1987 2364 T
2008 2320 2061 2356 Χ.
2118 2320 2220 2356 Nam
2239 2318 2280 2355 in
2298 2319 2418 2357 trian-

1377 2374 1474 2423 gulo
1495 2374 1537 2410 X
1556 2374 1591 2412 T
1606 2375 1644 2419 S,
1666 2373 1808 2411 dantur
1825 2373 1945 2409 latera
1965 2372 2001 2409 T
2019 2372 2057 2418 S,
2081 2372 2118 2409 T
2133 2372 2176 2408 X
2195 2379 2233 2409 et
2250 2372 2419 2421 angulus

1380 2428 1423 2464 X
1455 2427 1491 2464 T
1522 2426 1561 2471 S,
1594 2425 1773 2464 distantia
1800 2425 1899 2463 inter
1927 2424 2056 2463 locum
2091 2424 2190 2462 Solis
2218 2425 2419 2474 cognitum

1376 2480 1586 2528 locumque
1618 2485 1778 2517 cometae
1811 2476 1938 2527 primo
1970 2479 2228 2515 observatum.
2301 2477 2419 2515 Unde

1378 2532 1584 2570 innotescit
1611 2533 1647 2571 T
1669 2533 1711 2569 X
1734 2532 1773 2577 S,
1802 2544 1847 2568 ac
1878 2528 2038 2578 proinde
2070 2537 2109 2567 et
2135 2529 2274 2577 positio
2303 2538 2418 2567 rectae

1379 2590 1430 2639 (Ω,
1456 2587 1482 2624 S
1499 2584 1564 2634 ἶς’,
1584 2586 1657 2623 hoc
1675 2592 1743 2630 est,
1763 2584 1958 2621 dabuntur
1974 2582 2059 2620 loca
2077 2583 2266 2620 nodorum
2285 2595 2307 2620 e
2329 2583 2419 2621 Sole

1377 2642 1468 2677 visa·
1530 2639 1649 2684 Quod
1668 2637 1700 2675 si
1718 2636 1883 2687 aequales
1900 2635 2045 2673 fuerint
2062 2643 2174 2672 rectae
2197 2636 2227 2671 Z
2251 2636 2301 2680 R,
2326 2636 2367 2672 X
2383 2649 2415 2682 r,

1377 2693 1569 2731 nodorum
1589 2691 1691 2728 linea
1708 2689 1889 2739 parallela
1907 2696 1963 2726 est
1980 2696 2093 2726 rectae
2115 2689 2146 2725 Z
2169 2688 2223 2733 X,
2250 2687 2417 2740 ideoque

1377 2746 1565 2795 positione
1583 2743 1747 2794 cognita.

1405 2828 1407 2831 .
1437 2798 1504 2836 Ad
1533 2794 1867 2835 determinandum
1898 2801 2051 2841 tempus
2090 2806 2168 2843 quo
2195 2800 2343 2832 cometa
2373 2794 2414 2830 in

1382 2851 1486 2890 nodo
1513 2856 1692 2896 versatur,
1720 2848 1770 2886 sit
1800 2848 1839 2886 R
1858 2859 1889 2894 r,
1915 2845 2128 2898 trajectoria
2152 2855 2310 2884 cometae
2331 2849 2417 2897 (per

1684 2978 1688 2982 ’
1717 3004 1780 3050 υ

1710 3555 1777 3625 ¹‹ss›

1386 3695 1503 3743 Prop.
1518 3692 1705 3743 praeced.)
1721 3690 1921 3738 descripta,
1937 3689 2060 3739 sitque
2073 3685 2246 3736 superius
2264 3684 2420 3723 inventa

1383 3747 1575 3785 nodorum
1594 3747 1697 3784 linea
1715 3749 1766 3797 ‹st
1792 3745 1819 3783 S
1840 3743 1904 3792 Β.
1934 3741 2155 3792 trajectoriae
2172 3738 2213 3775 in
2233 3742 2283 3791 εἰ
2306 3747 2344 3775 et
2365 3737 2416 3786 '15'

1385 3812 1598 3845 occurrens,
1636 3799 1707 3838 erit
1743 3798 1880 3851 (Prop.
1908 3796 1943 3834 Ι.
1974 3794 2061 3833 Lib.
2087 3792 2146 3842 Ι.)
2174 3790 2418 3830 intervallum
