2540 4296
0 3247 981 3310 ›ACYuAutAEadAQ

78 334 264 390 L1BER
285 331 583 394 TERTIUS]
640 324 1043 381 PRINCIPIA
1078 292 1701 391 MATHEMATICA.

2124 296 2258 377 139'

919 533 1214 588 LEMMA
1252 531 1381 584 VII.

72 686 182 738 Per
206 684 376 734 datum
403 688 641 749 punctum
669 677 714 730 P
740 678 915 728 ducere
939 684 1125 728 rectam
1151 675 1336 726 lineam
1364 671 1412 724 B
1443 672 1507 735 C,
1546 669 1681 740 cujus
1694 678 1877 739 partes
1915 669 1960 722 P
1988 668 2053 731 B,
2095 665 2141 718 P
2169 665 2232 728 C,
2304 655 2306 658 ¹

144 774 294 823 rectis
319 771 506 821 duabus
519 768 774 837 positione
799 768 935 818 datis
954 765 1006 818 A
1029 765 1093 829 Β,
1124 764 1175 824 A
1195 763 1257 828 C,
1278 764 1520 827 abscissae,
1548 764 1721 814 datam
1745 761 1964 813 habeant
1988 758 2236 811 rationem

92 856 96 859 μ
147 863 219 913 ad
243 861 465 912 invicem.

148 1019 200 1071 A
223 1026 420 1088 puncto
444 1016 534 1068 illo
558 1015 603 1067 P
622 1014 688 1067 ad
713 1023 972 1067 rectarum
991 1015 1293 1067 alterutram
1319 1013 1370 1064 A
1388 1012 1436 1065 B

77 1106 297 1158 ducatur
344 1114 487 1156 recta
536 1102 730 1173 quaevis
789 1102 834 1154 P
883 1102 957 1165 D,
1016 1110 1068 1153 et
1120 1100 1440 1170 producatur

76 1193 258 1245 eadem
295 1210 496 1243 versus.
517 1200 710 1242 rectam
755 1189 969 1241 alteram
1008 1189 1061 1241 A
1089 1188 1135 1242 C
1171 1207 1337 1260 usque
1373 1186 1441 1239 ad

78 1281 143 1345 E,
189 1270 248 1332 ut
292 1281 357 1331 sit
401 1279 447 1332 P
476 1278 523 1330 E
568 1278 636 1329 ad
680 1278 727 1330 P
751 1278 808 1331 D
844 1278 900 1328 in
936 1277 1056 1330 data
1094 1276 1182 1330 illa
1221 1278 1437 1330 ratione.

79 1372 189 1440 Ipsi
245 1370 296 1422 A
340 1369 395 1421 D
445 1368 693 1438 parallela
735 1368 802 1419 sit
844 1368 890 1418 E
934 1367 1008 1430 C3
1071 1377 1123 1419 et
1165 1367 1207 1419 si
1255 1376 1440 1438 agatur

82 1460 128 1512 C
169 1459 214 1511 P
254 1459 317 1521 Β,
360 1457 458 1510 erit
501 1455 546 1509 P
586 1456 631 1508 C
668 1455 734 1507 ad
776 1455 990 1508 PBut
1030 1455 1150 1508 PE
1188 1455 1256 1508 ad
1296 1454 1438 1509 PD-

82 1545 286 1611 Q.e.f.

1863 890 1910 935 E
1925 928 1931 935 .

1928 942 2004 992 §.a

919 1783 1213 1837 LEMMA
1252 1784 1413 1837 VIII.

82 1924 163 1978 Sit
190 1924 242 1976 A
263 1923 310 1976 Β
335 1924 379 1976 C
398 1925 652 1992 parabola
676 1926 956 1978 umbilicum
980 1927 1166 1980 habens
1194 1928 1247 1981 S.
1315 1927 1517 1980 Chorda
1545 1927 1597 1979 A
1626 1925 1672 1979 C
1698 1926 1881 1978 bisecta
1907 1925 1963 1975 in
1990 1922 2017 1975 Ι
2043 1922 2243 1974 abscin-

156 2020 310 2069 datur
344 2027 640 2087 segmentum
678 2019 730 2070 A
758 2019 804 2071 Β
836 2019 880 2071 C
910 2019 953 2083 Ι,
993 2020 1128 2089 cujus
1153 2022 1396 2072 diameter
1418 2022 1486 2071 sit
1513 2020 1540 2071 I
1576 2040 1613 2080 μ
1647 2026 1696 2070 et
1731 2026 1900 2070 vertex
1923 2037 1975 2077 μ.

2065 2013 2247 2074 ΙηΙμ

146 2111 402 2177 producta
438 2111 675 2176 capiatur
697 2130 733 2170 μ
772 2108 823 2161 Ο
860 2112 1069 2178 aequalis
1106 2112 1317 2162 dimidio
1355 2112 1510 2178 ipsius
1549 2109 1576 2161 I
1612 2129 1663 2170 μ.
1738 2109 1997 2175 Jungatur
2024 2105 2075 2158 O
2106 2105 2159 2168 S,
2200 2111 2248 2155 et

144 2203 465 2269 producatur
490 2219 549 2252 ea
575 2202 646 2252 ad
670 2202 715 2266 ξ,
743 2209 799 2252 ut
820 2203 888 2253 sit
916 2202 953 2254 S
978 2203 1007 2267 ξ
1030 2204 1242 2270 aequalis
1267 2208 1298 2253 2
1330 2203 1368 2255 S
1396 2201 1463 2254 O.
1539 2203 1615 2253 Et
1639 2201 1685 2252 si
1708 2207 1894 2250 cometa
1923 2197 1970 2250 Β
1995 2204 2251 2247 moveatur

82 2355 84 2357 .
154 2292 212 2341 in
238 2309 361 2341 arcu
390 2290 436 2343 C
466 2291 512 2343 Β
540 2291 607 2354 A,
648 2299 697 2343 et
722 2300 909 2361 agatur
941 2293 971 2359 ξ
1011 2292 1057 2344 Β
1082 2311 1253 2345 secans
1278 2293 1329 2346 A
1359 2292 1403 2345 C
1431 2294 1486 2344 in
1514 2292 1594 2344 E:
1637 2292 1748 2344 dico
1774 2291 1905 2358 quod
1931 2298 2170 2356 punctum
2198 2286 2247 2338 E

159 2379 415 2443 abscindet
453 2382 514 2432 de
548 2380 735 2432 chordd
773 2381 825 2432 A
855 2380 901 2433 C
938 2390 1232 2450 segmentum
1269 2382 1321 2435 A
1349 2381 1397 2435 E
1428 2381 1639 2449 tempori
1653 2379 2042 2449 proportionale
2077 2395 2251 2446 quam-

143 2470 394 2539 proxime.

153 2614 417 2687 Jungatur
473 2617 613 2669 enim
675 2616 723 2669 E
782 2615 835 2668 O

85 2720 266 2755 secans
327 2723 507 2757 arcum
574 2705 835 2774 paraboli-

85 2793 837 2857 cumABCinY,Qt

85 2882 271 2954 agatur
306 2905 343 2946 μ
381 2885 455 2952 Χ,
503 2905 620 2957 quae
656 2895 836 2958 tangat

88 2975 313 3053 eundern
343 2995 521 3028 arcum
559 2978 612 3028 in
643 2978 837 3030 vertice

83 3087 137 3128 μ,
173 3075 225 3117 et
261 3076 389 3118 actae
428 3067 477 3118 E
513 3066 564 3119 O
601 3076 839 3120 occurrat

86 3158 143 3208 in
190 3157 280 3219 X;
335 3157 397 3227 (ὃ)
436 3167 487 3209 et
523 3157 621 3209 erit
657 3176 782 3212 area
817 3157 1100 3211 curvilinea
1138 3157 1187 3208 A
1229 3155 1277 3207 E
1315 3155 1373 3208 X
1411 3176 1448 3216 μ
1489 3154 1541 3206 A
1586 3152 1654 3227 ad
1695 3170 1870 3205 aream
1915 3149 2251 3202 curvilineam

142 3389 201 3442 (³)
234 3393 253 3415 ¹*
286 3393 343 3430 Et
369 3393 442 3431 erit
468 3405 570 3430 area.
634 3390 833 3436 Quoniam
861 3390 1005 3436 chorda
1037 3392 1074 3429 A
1108 3391 1140 3430 C

0 3475 11 3480 -
86 3442 231 3481 bisecta
261 3451 319 3482 est
349 3444 392 3481 in
422 3445 457 3489 Ι,
489 3444 562 3483 erit
591 3445 956 3496 semi-segmentum
991 3447 1030 3482 A
1062 3462 1092 3494 μ
1118 3444 1141 3482 Ι

42 3540 44 3543 f
88 3498 238 3546 aequale
256 3497 576 3547 semi-segmento
600 3515 631 3548 μ
648 3498 669 3536 Ι
690 3499 735 3537 C.
798 3499 899 3537 Item
927 3498 1020 3547 quia
1046 3515 1076 3547 μ
1099 3497 1141 3535 Χ

86 3549 216 3600 tangit
234 3550 456 3597 parabolam
475 3551 517 3587 in
535 3568 578 3601 μ,
608 3551 680 3590 erit
704 3569 735 3600 μ
754 3552 811 3598 Χ,
831 3550 1014 3600 parallela
1032 3553 1142 3589 chor-

88 3601 150 3640 dae
182 3603 220 3639 A
245 3603 278 3641 C
308 3605 395 3653 (per
425 3604 536 3642 Lem.
573 3603 649 3642 IV.
675 3604 724 3642 de
752 3605 876 3642 conic·
900 3602 988 3643 Lib.
1009 3604 1068 3653 Ι.)
1098 3615 1143 3641 ac

88 3654 253 3704 proinde}
281 3656 522 3707 triangulum
555 3657 593 3696 Ο
616 3657 637 3695 1
659 3657 698 3695 E
726 3657 850 3695 simile
869 3664 927 3694 est
944 3656 1142 3708 triangulo

92 3708 132 3746 Ο
151 3726 182 3757 μ
204 3709 258 3751 Χ,
281 3707 448 3760 ide6que
467 3711 517 3747 ob
538 3709 561 3747 1
580 3710 617 3748 Ο
637 3709 792 3758 triplam
812 3710 933 3758 ipsius
950 3726 980 3757 μ
999 3710 1051 3756 0,
1071 3709 1144 3747 erit

88 3761 330 3811 triangulum
352 3763 373 3801 I
395 3763 432 3801 Ο
451 3763 488 3800 Ε
507 3762 692 3815 trianguli
712 3780 741 3811 μ
763 3764 800 3801 Ο
825 3763 879 3808 X,
902 3763 1143 3812 noncuplum

91 3821 131 3851 et
148 3816 389 3865 triangulum
410 3816 432 3854 Ι
456 3816 493 3854 O
516 3816 554 3854 E
572 3816 731 3864 trapezii
756 3817 777 3854 Ι
797 3833 827 3865 μ.
848 3816 890 3854 Χ
913 3815 965 3862 Ε,
996 3815 1143 3866 sesqui-

92 3875 285 3905 octavum.
345 3870 539 3909 Praeterea
557 3869 797 3920 triangulum
820 3869 842 3907 I
867 3870 905 3907 A
929 3870 980 3916 O,
1001 3877 1058 3907 est
1074 3869 1143 3907 tri-

95 3920 233 3970 anguli
266 3921 290 3959 I
322 3922 361 3960 A
389 3940 432 3973 μ,
478 3921 774 3975 sesquialterum
812 3922 1067 3979 (omittuntur
1102 3923 1144 3961 in

149 3989 248 4027 von.
274 3991 364 4031 ΙΙΙ.
392 3992 505 4032 Pius
524 3992 587 4032 11.

1064 3247 1295 3317 Ide6que
1336 3244 1455 3298 eum
1490 3243 1810 3316 triangulum
1847 3243 1898 3295 A
1929 3243 1966 3295 S
1995 3241 2042 3293 E
2081 3241 2145 3292 sit
2183 3239 2249 3291 ad

1195 3388 1323 3440 figura
1353 3389 1495 3440 aliquae
1521 3388 1636 3427 lineae
1663 3387 1713 3426 ad
1732 3385 1931 3426 vitandam
1958 3384 2249 3434 confusionem)

1195 3443 1287 3481 cum
1305 3442 1410 3481 idem
1431 3443 1480 3480 sit
1498 3441 1683 3493 trianguli
1697 3441 1902 3491 utriusque
1915 3447 2042 3477 vertex
2061 3440 2113 3485 A,
2128 3440 2253 3490 sitque

1194 3498 1295 3535 basis
1316 3496 1354 3534 Ο
1375 3496 1392 3533 Ι
1414 3495 1660 3545 sesquialtera
1678 3495 1779 3533 basis
1796 3511 1827 3543 μ
1844 3494 1879 3540 1,
1900 3493 2142 3544 triangulum
2162 3491 2254 3531 ver&

1200 3550 1238 3588 A
1252 3567 1281 3597 μ
1295 3549 1332 3596 Ι,
1352 3548 1711 3597 subsesquitertium
1730 3554 1789 3585 est
1806 3546 2114 3597 semi-segmenti
2132 3548 2168 3583 A
2181 3563 2213 3595 μ
2229 3546 2252 3584 Ι

1198 3602 1341 3651 (Prop.
1367 3601 1540 3640 XXIV.
1568 3600 1794 3638 Archimed.
1810 3599 1860 3637 de
1878 3602 2008 3649 parab.
2024 3599 2085 3637 vel
2107 3600 2248 3637 Theor.

1197 3655 1276 3694 IV.
1318 3654 1367 3692 de
1397 3656 1526 3703 parab.
1569 3654 1659 3692 Lib.
1703 3653 1776 3703 L).
1840 3654 1975 3697 Quare
2010 3652 2253 3704 triangulum

1201 3709 1239 3746 A
1264 3708 1300 3746 O
1325 3708 1346 3746 I
1368 3715 1425 3745 est
1442 3707 1749 3757 sesquioctavum
1768 3706 2073 3757 semi-segmenti
2103 3708 2139 3743 A
2163 3724 2193 3755 μ
2215 3707 2251 3752 Ι,

1196 3762 1271 3799 hoc
1298 3768 1368 3807 est,
1397 3761 1439 3798 in
1466 3760 1614 3799 ratione
1633 3760 1844 3808 composita
1871 3772 1917 3797 ex
1940 3759 2153 3797 rationibus
2175 3772 2252 3797 ses-

1196 3812 1387 3865 quialtera
1400 3821 1439 3852 et
1453 3811 1766 3863 subsesquitertia
1777 3825 1821 3851 ac
1835 3812 1998 3863 proind&
2009 3812 2251 3864 triangulum

1201 3868 1302 3906 A-O
1325 3868 1360 3912 I,
1382 3874 1440 3905 est
1458 3866 1507 3905 ad
1526 3867 1889 3918 semi-segmentum
1912 3867 1948 3904 A
1973 3883 2004 3916 μ
2027 3867 2045 3903 I
2068 3866 2167 3904 sicut
2185 3866 2253 3904 tri-

1197 3920 1391 3973 angulum
1423 3920 1446 3960 1
1477 3921 1516 3960 Ο
1547 3920 1600 3969 Ε,
1631 3920 1680 3959 ad
1711 3921 1924 3971 trapezium
1951 3937 1982 3971 μ
2006 3920 2049 3959 X
2078 3919 2101 3958 1
2132 3919 2184 3967 Ε,
2214 3924 2253 3957 et

1150 3991 1196 4032 K
