2540 4296
101 293 287 348 hm
303 292 600 356 Tamus]
651 273 1052 360 PamomA
1090 283 1707 344 MATHEMATmA.
2134 290 2235 336 115

103 433 510 487 acceleratricem
537 430 719 483 Terrae
741 429 803 480 in·
821 427 1044 490 Lunam,
1082 435 1135 478 et
1159 425 1407 478 diameter
1433 426 1602 480 Lunae
1628 425 1694 476 ad
1719 415 2028 476 diametrum
2055 423 2238 476 Terrae

102 521 446 593 conjunctim3
484 519 540 570 id
575 528 667 589 est,
706 525 766 569 ut
789 508 873 568 3'9.
901 519 1003 570 788
1032 513 1099 565 ad
1128 519 1152 565 1
1184 521 1236 564 et
1264 519 1364 565 100
1390 513 1456 566 ad
1483 521 1585 566 365
1613 511 1939 582 conjunctim,
1981 529 2070 561 seu
2100 516 2231 562 1081

102 612 169 663 ad
216 619 333 663 100.
411 606 567 661 Unde
610 603 729 658 cum
770 621 912 656 mare
952 600 1191 656 nostrum'
1231 601 1283 652 vi
1322 600 1492 675 Lunae
1533 601 1797 653 attollatur
1841 600 1907 651 ad
1947 597 2108 667 pedes
2152 599 2235 665 ὃξ,

100 698 316 750 fluidum
355 698 534 748 lunare
577 694 628 745 vi
665 692 848 744 Terrae
874 690 1037 742 attolli
1061 690 1273 742 deberet
1308 686 1376 740 ad
1410 687 1570 757 pedes
1607 696 1692 743 93.
1769 688 1948 758 anue
1986 687 2052 738 de
2084 685 2238 738 causa

101 789 269 859 figura
296 789 464 839 Lunae
503 783 752 853 sphaerois
793 791 942 844 esset,
987 781 1133 850 eujus
1167 778 1395 831 maxima
1431 778 1679 834 diameter
1701 779 1956 849 producta
1998 777 2240 830 transiret

100 898 195 950 per
220 888 451 931 centrum
472 875 669 936 Terrae,
699 883 749 924 et
768 881 1031 940 superaret
1050 871 1326 922 diametros
1345 869 1796 939 perpendiculares
1816 888 2030 922 excessu
2047 868 2239 937 pedum

106 976 223 1021 186.
299 965 484 1018 Talem
522 963 678 1034 igitur
717 963 938 1033 figuram
980 961 1132 1014 Luna
1171 958 1391 1022 affectat,
1437 978 1653 1030 eamque
1696 961 1791 1011 sub
1834 959 1982 1010 initio
2024 957 2240 1009 induere

102 1057 296 1112 debuit.
374 1056 443 1117 Q.
472 1073 516 1106 e.
543 1055 576 1106 i.
1313 1116 1316 1124 ι

175 1149 336 1201 Corol.
366 1146 422 1216 (⁸)
452 1145 584 1198 Inde
608 1142 732 1197 vero
758 1143 818 1195 fit
841 1152 900 1194 ut
923 1142 1105 1196 eadem
1130 1159 1341 1211 semper
1353 1140 1522 1194 Lunae
1545 1139 1699 1192 facies
1724 1139 1780 1191 in
1806 1139 2029 1192 Terram
2053 1140 2238 1191 obver-

100 1250 253 1293 tatur.
329 1238 393 1290 In
420 1238 520 1290 alio
546 1237 684 1289 enim
710 1235 810 1288 situ
833 1226 1022 1304 corpus
1057 1229 1526 1302 lunaresquiescere
1549 1249 1658 1284 non
1680 1240 1865 1300 potest,
1895 1230 1987 1282 sed
2007 1229 2074 1281 ad
2098 1229 2239 1281 hunc

100 1392 201 1430 inter
218 1403 259 1429 se
277 1390 431 1435 similes,
450 1388 643 1438 alteraque
665 1387 708 1424 in
725 1386 936 1425 acutiorem
953 1384 1136 1434 sphaeroi-
1205 1388 1329 1422 meter
1347 1381 1475 1422 Lunae
1492 1380 1625 1420 versus
1643 1387 1817 1419 centrum
1834 1380 1964 1419 Terrae
1979 1377 2159 1429 dirigitur
2175 1380 2242 1429 (ex

100 1446 189 1484 dem
208 1444 365 1481 desinat.
421 1442 553 1487 Quare
571 1441 613 1478 in
633 1453 722 1478 casu
741 1439 933 1489 praesenti,
954 1439 1027 1475 erit
1048 1439 1084 1476 B
1100 1438 1136 1477 L
1208 1434 1332 1486 dem.)
1358 1436 1448 1473 hinc
1466 1435 1511 1473 fit
1528 1444 1573 1473 ut
1591 1435 1726 1473 eadem
1745 1446 1895 1482 semper
1923 1434 2050 1471 Lunae
2068 1431 2184 1469 facies
2202 1430 2244 1467 in

100 1498 150 1537 ad
170 1497 206 1535 L
223 1496 265 1541 F,
280 1495 374 1534 utT
391 1495 429 1533 A
448 1495 498 1533 ad
518 1495 555 1533 T
573 1494 623 1540 E,
639 1493 854 1532 etvicissim
870 1493 905 1530 B
925 1490 1027 1529 Dad
1050 1492 1085 1530 A
1105 1492 1137 1530 C

105 1552 205 1589 sicut
224 1550 259 1587 L
280 1549 313 1588 F
331 1548 381 1587 ad
402 1549 438 1587 T
460 1549 510 1594 E,
531 1549 604 1587 hoc
622 1554 692 1595 est,
712 1547 744 1585 si
762 1545 918 1598 aequalis
938 1552 1035 1583 esset
1052 1557 1139 1596 gra-

1212 1491 1371 1528 Terram
1389 1491 1619 1527 obvertatur.
1678 1486 1810 1525 Posita
1834 1494 1964 1524 autem
1992 1482 2245 1534 sphaeroidica

1209 1544 1339 1584 Lunae
1356 1541 1494 1594 figura,
1526 1542 1626 1580 inter
1643 1541 1765 1580 varias
1784 1540 1914 1579 Lunae
1931 1547 2057 1591 partes
2076 1550 2155 1576 non
2175 1537 2243 1575 da-

108 2499 206 2538 vitas
223 2500 467 2539 acceleratrix
488 2501 619 2539 Terrae
646 2502 688 2539 in
707 2503 861 2540 Lunam
879 2509 994 2553 atque
1010 2502 1139 2542 Lunae

108 2552 152 2591 in
183 2554 353 2599 Terram,
388 2554 552 2592 altitudo
583 2554 692 2593 fluidi
728 2555 873 2593 lunaris
899 2556 940 2592 in
968 2557 1140 2605 partibus

109 2607 295 2656 proximis
313 2615 351 2645 et
370 2607 633 2645 remotissimis
659 2606 776 2659 supra
803 2609 964 2660 globum
995 2611 1136 2656 Lunae,

110 2669 210 2699 esset
236 2661 285 2698 ad
312 2661 555 2700 altitudinem
583 2661 694 2699 fluidi
720 2663 905 2700 terrestris
935 2664 1139 2714 analogam

111 2712 228 2763 supra
242 2714 403 2765 globum
427 2715 557 2753 Terrae
575 2723 620 2752 ut
638 2715 823 2754 diameter
842 2716 971 2754 Lunae
989 2717 1037 2754 ad
1057 2717 1139 2755 dia-

111 2776 281 2805 metrum
316 2768 458 2805 Terrae.
522 2767 688 2815 Rursus,
726 2770 758 2806 si
793 2770 913 2807 Terra
948 2777 987 2807 et
1025 2770 1142 2809 Luna

111 2821 281 2870 aequales
316 2821 482 2859 habeant
514 2821 730 2868 diametros,
770 2830 884 2861 erunt
919 2823 1143 2862 altitudines

112 2873 222 2911 fluidi
249 2874 364 2917 supra
392 2874 526 2922 globos
553 2882 598 2911 ut
626 2876 827 2919 gravitates
862 2876 1144 2916 acceleratrices

103 2925 311 2973 respective
326 2927 464 2978 (Prop.
483 2928 693 2967 LXXIV.
712 2930 799 2969 Lib.
821 2932 880 2983 Ι.)
958 2931 1090 2975 Quare
1108 2931 1141 2967 si

105 2990 229 3039 neque
248 2981 413 3028 gravitas
432 2982 671 3020 acceleratrix
693 2984 733 3020 in
750 2984 906 3023 Lunam
924 2973 1081 3034 aequah's
1091 2983 1140 3021 sit

105 3032 298 3080 gravitatis
328 3034 580 3072 acceleratrici
615 3035 741 3073 Lunae
774 3038 816 3074 in
850 3038 1024 3080 Terram,
1067 3048 1140 3074 nec

105 3082 290 3121 diameter
325 3086 450 3124 Lunae
482 3086 668 3126 diametro
706 3090 837 3127 Terrae
873 3089 1042 3140 aequalis,
1081 3089 1139 3126 vis

108 3136 237 3173 Terrae
255 3137 304 3174 ad
323 3138 552 3176 elevandum
574 3139 737 3179 fluidum
756 3143 796 3179 in
815 3144 986 3191 partibus
1000 3141 1139 3179 citimis

104 3196 144 3226 et
173 3189 319 3227 ultimis
346 3191 417 3229 erit
443 3192 490 3229 ad
521 3193 596 3230 vim
624 3193 744 3241 ipsam
774 3196 899 3233 Lunae
923 3208 1009 3246 quae
1032 3207 1138 3232 mare

106 3251 278 3279 nostrum
307 3244 346 3279 in
375 3246 545 3291 partibus
563 3255 601 3283 et
619 3248 690 3284 sub
720 3246 894 3286 Luna'et
922 3249 1049 3286 Lunae
1067 3260 1137 3296 op·

106 3295 237 3353 positis
263 3296 461 3343 attollitur,
493 3305 536 3335 ut
562 3299 725 3348 gravitas
743 3301 983 3339 acceleratrix
1012 3300 1139 3337 Lunae

93 3359 148 3406 ιΞῐι
178 3348 337 3385 Terram
364 3350 412 3387 ad
440 3351 664 3400 gravitatem
682 3354 987 3392 acceleratricem
1009 3355 1139 3391 Terrae

108 3411 147 3435 in
186 3400 354 3445 Lunam,
393 3411 430 3440 et
449 3403 634 3441 diameter
666 3406 791 3443 Lunae
821 3407 871 3444 ad
907 3407 1139 3444 diametrum

110 3451 240 3512 Terrae
268 3454 516 3504 conjunctim,
549 3457 625 3494 sive
661 3465 706 3495 ut
740 3472 864 3496 massa
897 3460 1025 3497 Lunae
1052 3471 1139 3509 quae

106 3505 281 3554 gravitati
299 3507 551 3545 acceleratrici
578 3517 634 3547 est
661 3512 952 3559 proportionalis
970 3511 1018 3549 ad
1037 3525 1139 3549 mas-

107 3570 188 3593 sam
204 3559 430 3618 'l'errae-quae
448 3561 581 3598 itidem
598 3564 772 3613 gravitati
792 3565 874 3615 ejus
887 3564 1140 3603 acceleratrici

105 3618 163 3647 est
182 3612 483 3659 proportlonalis,
512 3622 550 3651 et
570 3624 613 3652 ut
631 3615 815 3654 diameter
844 3618 970 3655 Lunae
990 3618 1038 3655 ad
1057 3618 1140 3655 dia-

105 3672 273 3701 metrum
295 3665 423 3702 Terrae
443 3667 689 3717 conjunctim.
753 3671 816 3707 De
831 3669 957 3721 figura
975 3671 1141 3720 corporis

110 3714 237 3753 Lunae
255 3730 355 3755 nova
373 3716 490 3768 quam
515 3720 682 3768 plurima
699 3729 814 3771 atque
831 3723 969 3761 eximia
997 3725 1140 3761 haben—

107 3775 171 3858 εὖτ
203 3770 247 3829 in
282 3770 624 3811 Dissertationibus
656 3773 705 3812 de
737 3775 868 3814 Fluxu
897 3783 935 3813 et
971 3776 1141 3815 Refluxu

160 3834 241 3858 aris,

162 3874 213 3926 (³)
236 3878 256 3900 ⁴*
278 3878 377 3916 Inde
406 3877 488 3917 vero
502 3882 568 3932 stt.
633 3881 833 3925 Quoniam·
858 3882 1025 3920 maxima
1051 3882 1131 3920 dia-

1195 2505 1317 2545 ·bitur
1345 2503 1615 2556 aequilibrium,
1647 2503 1723 2541 nisi
1750 2501 1938 2551 sphaerois
1972 2499 2111 2538 Lunae‘
2138 2510 2253 2536 axem

1214 2571 1329 2597 suum
1351 2558 1500 2597 Tellruri
1519 2559 1688 2595 obvert-at
1710 2557 1824 2607 (109)
1842 2571 1854 2602 ;
1883 2567 2000 2605 quare
2019 2554 2060 2590 in
2079 2549 2156 2591 alio
2175 2559 2252 2589 sxtu

1218 2624 1353 2660 eorpus
1371 2611 1506 2649 lunare
1524 2610 1717 2660 quiescere
1735 2622 1813 2646 non
1833 2615 1967 2656 potest,
1990 2606 2055 2644 sed
2076 2607 2124 2643 ad
2144 2606 2251 2643 hunc

1214 2665 1331 2702 situm
1359 2664 1568 2702 oscillando
1596 2675 1745 2711 semper
1771 2662 1920 2699 redibit.
1983 2661 2170 2697 Attamen
2190 2670 2252 2694 os-

1214 2717 1438 2763 cillationes‚
1468 2719 1516 2754 ob
1534 2716 1760 2764 parvitatem
1781 2715 1918 2751 virium
1938 2712 1980 2749 in
1998 2712 2159 2749 minimo
2179 2710 2251 2748 sci-

1213 2769 1302 2808 licet
1320 2770 1401 2808 axis
1418 2771 1573 2821 majoris
1591 2767 1707 2817 supra
1724 2768 1913 2805 minorem
1934 2778 2102 2811 excessu,
2125 2772 2250 2802 essent

1213 2822 1329 2874 longe
1357 2823 1593 2868 tardissimae,
1624 2820 1721 2860 adeo
1741 2829 1784 2858 ut
1803 2833 1881 2858 non
1900 2821 2074 2857 turbetur
2100 2817 2247 2855 lunaris

1211 2876 1340 2914 morsis
1358 2874 1459 2914 circa
1477 2889 1588 2913 axem
1607 2875 1854 2925 aequabilitas,
1881 2870 2047 2922 ideoque
2069 2876 2154 2923 (per
2171 2877 2250 2907 not.

1212 2929 1253 2966 in
1275 2930 1392 2978 Prcp.
1414 2930 1587 2980 XVII.)
1607 2929 1722 2966 facies
1740 2928 1807 2965 illa
1824 2939 1911 2977 quae
1925 2927 2083 2963 Terram
2099 2936 2250 2972 semper

1211 2984 1399 3031 respicere
1428 2982 1594 3029 deberet,
1625 2982 1743 3030 possit
1772 2980 1936 3018 alterum
1970 2978 2071 3015 orbis
2103 2976 2249 3014 lunaris

1211 3035 1439 3074 umbilicum
1458 3037 1654 3084 respicere,
1671 3047 1795 3085 neque
1813 3033 1940 3071 statim
1955 3031 2092 3070 abinde
2106 3029 2248 3068 retrahi

1213 3096 1252 3126 et
1269 3089 1308 3125 in
1331 3090 1488 3126 Terram
1509 3089 1688 3127 converti.

1265 3146 1353 3179 1534.
1390 3142 1541 3180 clariss.
1570 3143 1622 3180 D.
1645 3142 1693 3179 de
1714 3140 1868 3179 Mairan
1895 3139 1938 3176 in
1962 3134 2248 3188 elegantissima

1214 3194 1491 3232 Dissertatione
1518 3195 1566 3232 de
1605 3195 1723 3233 Motu
1756 3194 1912 3231 Diurno
1943 3191 2110 3230 Telluris
2147 3188 2247 3227 circa

1215 3248 1356 3292 Axem‚
1377 3261 1464 3298 quae
1483 3247 1625 3297 legitur
1643 3249 1684 3284 in
1706 3248 1889 3285 Monum.
1906 3246 2025 3284 Paris.
2044 3257 2105 3281 an.
2129 3245 2243 3281 1729.

1211 3300 1368 3348 exponit
1386 3300 1595 3338 admodum
1617 3299 1814 3350 ingeniose
1840 3308 1954 3349 prout
1973 3309 2123 3346 semper
2140 3295 2243 3339 facit,

1211 3365 1281 3390 cur
1312 3352 1445 3391 eadem
1485 3354 1611 3391 Lunae
1641 3354 1755 3391 facies
1783 3354 1824 3390 in
1864 3354 2023 3391 Terram
2060 3346 2245 3386 continuo

1210 3407 1440 3452 obvertatur,
1456 3407 1651 3457 variasque
1665 3406 1829 3455 explicat
1843 3405 2117 3456 inaequalitates
2132 3401 2247 3439 libra-

1210 3458 1325 3495 tionis
1352 3459 1498 3497 lunaris
1530 3460 1570 3496 in
1600 3460 1897 3510 longitudinem.
1973 3458 2246 3507 Conjecturam

1210 3511 1301 3549 facit
1337 3512 1395 3549 vir
1429 3512 1684 3558 doctissimus,
1727 3514 2006 3562 homogeneam
2048 3520 2127 3546 non
2166 3520 2248 3544 esse

1214 3564 1341 3601 Lunae
1359 3566 1571 3612 materiam,
1601 3565 1666 3603 sed
1685 3565 1984 3613 hemispherium
2003 3561 2163 3600 inferius
2181 3573 2247 3597 su-

1213 3617 1353 3666 periori
1381 3618 1535 3668 gravius
1561 3618 1769 3666 supponit3
1798 3630 1875 3667 qno
1903 3618 2025 3665 posito
2043 3614 2155 3653 facile
2180 3613 2248 3651 de-

1213 3678 1402 3708 monstrat
1431 3671 1586 3708 Lunam
1618 3678 1793 3719 respectu
1816 3671 1983 3708 Telluris
2002 3670 2041 3706 in
2061 3669 2136 3706 situ
2155 3679 2249 3705 con-

1214 3723 1330 3760 stanti
1348 3736 1515 3761 manere.
1572 3724 1761 3762 Observat
1778 3723 1917 3761 deinde
1935 3723 2014 3760 fieri
2043 3734 2122 3759 non
2140 3731 2251 3769 posse

1214 3783 1259 3813 ut
1277 3784 1455 3814 constans
1469 3784 1624 3814 maneat
1654 3777 1780 3814 Lunae
1799 3776 1946 3824 positio,
1977 3776 2050 3813 nisi
2073 3782 2252 3813 constans

1214 3842 1370 3878 quoque
1388 3829 1435 3866 sit
1454 3829 1632 3868 velocitas
1652 3829 1760 3866 fluidi
1788 3830 1827 3866 in
1847 3842 1924 3879 quo
1946 3829 2101 3867 Lunam
2130 3826 2254 3880 ipsam

1215 3881 1355 3920 deferri
1386 3884 1558 3921 assumit.
1621 3882 1696 3921 Sed
1726 3883 1767 3920 in
1799 3884 1906 3919 omni
1934 3881 2058 3921 orbita
2085 3880 2255 3927 clliptica
