2540 4296
102 289 287 342 Lnsnn
312 288 609 353 Tannus]
687 287 1085 341 PRINCIPIA
1126 286 1744 341 MATHEMATICA.

99 434 228 482 venit3
255 440 435 484 praeterea
454 445 500 471 ex
519 431 658 471 natura
675 431 880 483 gravitatiS,
901 439 958 469 est
979 432 1006 470 S
1027 432 1069 470 K
1088 431 1137 471 ad

102 498 546 597 SLutestSIlizad
577 491 871 614 SK—‘PKF-
916 523 1138 562 siveutest

101 616 449 669 SK2ss2SK
481 623 521 664 ><
558 575 1133 666 PK‡PK2adSK2,

96 677 165 708 aut
182 670 322 709 omisso
341 672 504 710 termino
527 671 560 708 P
582 670 623 707 K
645 670 663 691 ²
683 675 727 705 ut
748 668 775 705 S
797 667 838 705 K
857 672 907 719 ss
922 673 945 706 2
968 668 1003 706 P
1025 669 1066 706 Κ
1085 670 1135 708 ad

100 724 128 761 S
149 723 204 769 K,
225 724 303 762 sive
321 725 503 776 quoniam
523 728 547 760 2
569 723 604 761 P
623 721 662 759 K
682 728 739 758 est
756 721 941 772 exiguum
960 729 1133 772 respectu

95 776 541 816 lineaeSKutSKad
563 775 644 814 SK
665 776 752 821 ssf.)
772 774 1134 826 PKestergoSL

95 829 455 879 siveSKssKL
482 828 1132 875 =SKss2PKetKL=

96 887 121 920 2
136 884 171 921 P
186 885 240 930 K,
261 883 351 922 cum
370 893 499 921 autem
518 881 620 919 linea
641 881 676 919 P
702 881 733 918 L
753 881 801 918 sit
819 883 991 930 proxime
1010 883 1134 931 paral-

93 936 170 975 lela
187 937 299 975 lineae
333 937 360 975 S
394 936 455 982 M,
486 942 524 973 et
556 947 603 972 ex
635 935 918 974 constructione
952 937 985 974 P
1016 937 1053 974 T
1083 937 1132 974 sit

93 990 274 1038 parallela
293 990 328 1027 L
351 990 411 1034 M,
442 996 498 1026 est
519 988 555 1026 T
575 988 625 1025 M
642 988 816 1036 proxime
845 988 1002 1039 aequalis
1019 989 1132 1027 lineae

96 1040 1130 1093 PL‚etestPL=PK-{-2KL=3PK;

92 1107 139 1133 ex
158 1103 302 1144 puncto
331 1096 364 1133 L
391 1095 555 1133 ducatur
581 1094 900 1143 perpendiculum
919 1096 959 1132 in
978 1095 1131 1134 radium

94 1148 131 1186 P
151 1150 188 1187 T
208 1148 457 1200 (productum
476 1148 505 1184 si
526 1160 679 1185 necesse
697 1147 762 1196 sit)
784 1155 823 1185 et
841 1148 895 1185 vis
916 1149 952 1186 T
970 1149 1034 1195 M,
1062 1162 1130 1186 seu

92 1201 148 1238 vis
166 1202 237 1251 ipsi
255 1202 412 1252 aequalis
434 1202 469 1239 P
489 1202 525 1239 L
543 1201 710 1238 resoluta
727 1200 966 1251 intelligatur
991 1202 1033 1239 in
1053 1201 1130 1238 vim

93 1254 129 1292 P
146 1255 182 1292 E
203 1263 241 1293 et
259 1255 337 1292 vim
358 1255 394 1292 L
409 1255 459 1301 E,
480 1255 536 1291 vis
557 1254 593 1292 L
611 1254 648 1292 E
667 1253 774 1292 radio
794 1254 830 1292 P
848 1255 884 1293 T
901 1254 950 1292 sit
968 1267 1129 1304 perpen-

90 1307 270 1346 dicularis
288 1307 453 1358 ideoque
480 1308 558 1344 vim
585 1306 792 1345 centralem
821 1320 898 1345 non
917 1308 1045 1353 afficit,
1075 1308 1130 1346 vis

93 1361 128 1398 P
150 1361 187 1399 E
218 1361 433 1399 secundum
466 1359 714 1399 directionem
741 1359 838 1397 radii
865 1368 965 1411 agat,
1001 1361 1130 1412 sicque

89 1424 280 1462 punctum
312 1415 347 1452 P
376 1429 400 1453 a
430 1422 563 1452 centro
585 1413 621 1451 T
648 1413 840 1459 distrahat,
861 1414 980 1451 altera
998 1422 1129 1452 autem

87 1480 175 1515 pars
192 1481 278 1518 quae
295 1480 363 1516 per
384 1467 419 1505 L
441 1468 489 1504 M
515 1473 807 1514 repraesentatur
834 1467 1051 1505 secundum
1070 1468 1129 1505 di-

87 1521 298 1557 rectionem
311 1520 406 1558 radii
422 1532 540 1571 agens
554 1527 744 1567 punctum
761 1520 795 1557 P
806 1533 938 1558 versus
953 1529 1129 1559 centrum

87 1573 225 1620 trahit;
256 1586 349 1624 ergo
381 1587 425 1611 ea
456 1586 543 1622 pars
565 1573 663 1611 Solis
681 1586 769 1624 quae
788 1573 869 1624 agit
900 1573 940 1610 in
971 1574 1129 1614 Lunam

87 1626 300 1664 secundum
319 1626 570 1665 directionem
588 1627 684 1665 radii
715 1625 750 1663 P
772 1627 808 1665 T
839 1634 896 1665 est
914 1627 1129 1668 differentia

87 1680 227 1717 virium
250 1680 284 1717 P
305 1681 341 1717 E
362 1687 401 1718 et
421 1681 456 1718 L
478 1680 538 1717 M.

139 1733 231 1771 Jam
250 1732 339 1770 vero
357 1735 407 1771 ob
424 1732 625 1781 parallelas
641 1733 669 1774 S
682 1734 730 1781 L,
752 1733 781 1773 S
795 1736 841 1773 M
861 1743 899 1773 et
916 1736 952 1774 T
966 1735 1014 1782 P,
1029 1736 1064 1773 L
1080 1736 1130 1774 M

86 1795 144 1826 est
165 1782 199 1827 L
220 1787 269 1827 M
288 1802 345 1826 =
365 1787 401 1828 Τ
420 1787 456 1828 P
471 1805 529 1826 =
548 1802 580 1837 r,
601 1797 640 1828 et
658 1788 750 1828 cum
772 1789 807 1828 P
823 1789 865 1827 K
886 1789 934 1827 sit
951 1788 1130 1839 proxime

2167 298 2234 348 67

1190 432 1515 481 perpendicularis
1532 434 1574 470 in
1592 432 1735 471 lineam
1758 433 1794 470 T
1816 432 1860 476 C,
1883 432 1954 469 erit
1990 432 2024 470 P
2056 434 2098 471 K
2130 435 2238 474 sinus

1191 485 1302 524 arctis
1324 486 1358 523 P
1381 487 1414 525 C
1432 487 1500 537 qui
1528 488 1635 524 sinus
1652 486 1778 524 dictus
1795 494 1853 523 est
1883 498 1919 535 y,
1954 484 2120 536 ideoque
2142 489 2177 526 P
2198 490 2235 527 L

1190 555 1247 575 =
1265 544 1292 577 3
1310 539 1345 576 Ρ
1359 539 1402 577 Κ
1419 556 1477 576 =
1496 545 1522 577 5
1541 554 1577 589 y,
1599 538 1691 577 cum
1710 547 1842 577 autem
1860 539 2054 589 triangula
2074 542 2107 578 P
2125 541 2166 579 K
2185 543 2233 588 T,

1191 592 1227 630 P
1254 592 1291 630 E
1319 592 1355 630 L
1373 593 1450 631 sint
1468 593 1619 640 similia,
1648 601 1705 630 est
1728 593 1761 631 P
1783 593 1819 631 T
1840 591 1894 644 (r)
1916 592 1965 630 ad
1989 593 2022 630 P
2044 594 2086 632 K
2108 595 2169 645 (y)
2192 604 2236 634 ut

1192 678 1227 717 P
1242 678 1278 717 L
1300 679 1344 731 (5
1362 679 1406 729 y)
1426 679 1477 717 ad
1499 680 1533 717 P
1550 679 1587 717 E
1607 678 1712 730 quod
1731 679 1802 717 erit
1820 691 1913 730 ergo
1931 650 1956 682 5
1972 659 1997 749 ζ
2016 659 2040 694 y
2065 688 2104 718 et
2122 680 2234 719 diffe-

1892 770 1918 803 5
1936 779 2001 815 yy

1188 797 1310 836 rentia
1328 798 1469 838 virium
1488 798 1523 836 P
1546 798 1584 836 E
1619 807 1658 837 et
1692 799 1729 837 L
1751 799 1800 837 M
1818 805 1876 836 est
1937 845 1957 869 r
2019 821 2073 829 —
2090 812 2121 843 r,
2142 812 2232 850 quae

1187 915 1403 955 differentia
1416 918 1578 967 positiva
1595 924 1653 955 est
1670 917 1763 956 cum
1784 890 1808 922 3
1826 897 1891 988 {y
1909 926 2062 967 superat
2073 931 2104 965 r,
2116 924 2228 956 tunc-

1184 1015 1261 1053 que
1282 1004 1439 1042 Lunam
1459 1018 1482 1042 a
1500 1012 1632 1042 centro
1651 1003 1838 1049 distrahit,
1868 1004 2047 1055 negativa
2074 1003 2231 1055 quando

1186 1063 1210 1095 3
1228 1070 1254 1106 y
1268 1070 1293 1105 y
1311 1091 1442 1128 minus
1459 1089 1577 1128 efficit
1594 1088 1714 1140 quam
1746 1103 1777 1136 r,
1812 1098 1984 1142 tuncque
2003 1090 2163 1129 Lunam
2180 1090 2230 1129 ad

1227 1136 1248 1159 r

1183 1184 1359 1214 centrum
1378 1175 1532 1214 attrahit
1543 1190 1555 1222 ;
1585 1174 1674 1213 cum
1694 1188 1787 1226 ergo
1805 1175 1906 1213 linea
1928 1176 1954 1214 S
1977 1176 2014 1214 T
2031 1175 2110 1214 sive
2128 1190 2152 1214 a
2170 1189 2229 1214 re-

1182 1237 1387 1279 praesentet
1404 1237 1526 1267 totam
1545 1229 1624 1267 vim
1649 1228 1748 1267 Solis
1767 1229 1807 1265 in
1830 1230 2004 1276 Terram,
2033 1242 2155 1280 eaque
2173 1230 2230 1267 vis

1732 1289 1756 1321 3
1774 1296 1800 1332 y
1814 1296 1840 1330 y

1776 1363 1796 1386 r

1182 1416 1267 1441 eam
1287 1410 1433 1454 partem
1454 1402 1510 1440 vis
1532 1402 1632 1441 Solis
1650 1416 1738 1454 quae
1756 1403 1796 1440 in
1814 1403 1973 1442 Lunam
1993 1400 2074 1452 agit
2091 1413 2228 1439 secun-

1999 1460 2022 1491 2
2042 1468 2065 1503 y
2080 1468 2106 1503 Y

2042 1534 2060 1557 r

1183 1577 1238 1615 ita
1273 1579 1305 1617 F
1337 1577 1386 1615 ad
1414 1590 1499 1615 eam
1519 1583 1663 1625 partem
1683 1575 1740 1613 vis
1763 1576 1862 1614 Solis
1880 1586 1968 1625 quae
1999 1573 2119 1611 afficit
2149 1572 2228 1609 vim

1182 1632 1388 1670 centralem
1423 1632 1553 1669 Terrae
1581 1631 1623 1668 in
1657 1630 1829 1677 Lunam,
1861 1640 1949 1680 quae
1981 1626 2126 1666 idcirco
2156 1626 2230 1664 erit

1174 1684 1438 1789 g-x({-rffi⁷
1454 1739 1509 1748 —
1526 1719 1581 1769 ι.)
1642 1718 1692 1764 Q.
1715 1731 1749 1758 e.
1769 1730 1806 1758 ο.

1183 1315 1335 1355 dicatur
1370 1316 1415 1363 F,
1450 1323 1488 1353 et
1520 1316 1712 1367 quantitas
1857 1337 1911 1346 --
1936 1327 1956 1351 r
1983 1322 2230 1365 repraesentet

2124 1499 2225 1531 -Γ,

1183 1489 1280 1528 dum
1299 1490 1550 1529 directionem
1573 1490 1607 1528 P
1629 1490 1677 1531 T,
1699 1489 1767 1527 fiat
1786 1498 1832 1528 ut
1863 1502 1887 1526 a
1918 1487 1968 1525 ad

139 2761 259 2800 Corol.
320 2759 362 2798 Si
380 2761 629 2799 transferatur
648 2761 766 2799 Luna
783 2761 824 2799 in
841 2760 962 2799 alium
991 2763 1124 2800 orbem

81 2826 105 2851 a
123 2813 148 2850 d
176 2815 200 2850 b
218 2826 250 2858 c,
280 2831 305 2852 α
326 2812 345 2851 δ
362 2818 387 2859 β
407 2832 430 2851 κ
458 2815 569 2865 cujus
586 2814 717 2853 radius
743 2815 792 2852 sit
817 2833 848 2868 g,
876 2814 976 2861 dico,
1004 2814 1122 2865 quod,

81 2875 261 2904 manente
280 2866 461 2904 distantia
482 2868 608 2905 Lunae
635 2882 659 2906 a
679 2866 914 2918 quadratura
931 2866 1119 2917 proxima,

80 2932 126 2957 ea
144 2932 231 2967 pars
249 2920 305 2957 vis
327 2920 424 2957 Solis
441 2934 530 2971 quae
548 2922 753 2960 afficitvim
766 2922 972 2960 centralem
991 2922 1122 2960 Terrae

79 2972 121 3009 in
141 2974 312 3020 Lunam,
339 2982 489 3064 fatescet
519 2982 565 3012 ut
595 2975 673 3012 inae
691 2974 882 3014 distantiae
910 2992 941 3028 g,
974 2975 1122 3025 eritque

453 3033 507 3080 [3
519 3039 545 3075 y
563 3040 587 3074 y

80 3056 167 3095 ideo
185 3043 234 3086 -e-
261 3064 304 3106 χ

203 3104 223 3127 r
350 3105 373 3128 a
526 3106 545 3129 r

77 3142 249 3192 ejusdem
281 3143 434 3182 numeri
464 3147 660 3197 graduum
696 3154 896 3184 censeatur
930 3158 975 3184 ac
1011 3158 1122 3184 arcus

80 3196 117 3233 P
139 3197 183 3241 C,
214 3197 321 3257 sinus
338 3210 473 3235 eorum
498 3207 614 3239 erunt
630 3206 676 3238 ut
692 3199 801 3245 radii,
829 3198 994 3250 ideoque
1012 3200 1121 3238 sinus

596 3058 706 3108 —r)‚
724 3073 816 3098 nam
829 3059 918 3099 cum
931 3073 1042 3098 arcus
1060 3073 1085 3109 p
1100 3073 1122 3099 c

394 3268 445 3353 -ξ
460 3297 499 3334 y,
532 3285 857 3325 demonstrabitur
874 3283 964 3324 vero
981 3285 1117 3323 iisdem

74 3366 190 3414 plane
198 3369 434 3418 argumentis
440 3369 580 3420 quibus
587 3370 627 3408 in
637 3371 892 3409 Theoremata
899 3371 959 3408 usi
967 3383 1112 3416 sumus,

74 3419 194 3469 quod,
214 3422 246 3457 si
266 3420 383 3459 Luna
400 3422 442 3459 in
460 3423 604 3461 circulo
622 3437 645 3461 a
658 3424 684 3462 d
697 3426 723 3463 b
737 3438 758 3463 c
785 3425 845 3462 vel
873 3442 899 3462 α
912 3423 931 3462 δ
948 3429 974 3470 β
987 3442 1009 3462 κ
1029 3437 1113 3462 mo-

73 3481 240 3520 veretur,
268 3486 314 3512 ea
340 3487 427 3523 pars
444 3476 501 3513 vis
522 3476 620 3514 Solis
637 3489 724 3527 quae
750 3476 967 3516 secundum
994 3477 1117 3515 direc-

789 3530 823 3568 F
979 3534 1118 3584 eey²

76 3280 186 3319 arcus
213 3295 239 3332 p
257 3294 279 3320 c
307 3282 378 3321 erit

73 3561 220 3600 tionem
238 3560 335 3599 radii
356 3561 392 3599 P
408 3561 445 3600 T
461 3568 669 3607 exercetur,
689 3562 762 3601 erit
781 3585 832 3634 ἶ
850 3567 892 3610 ><
917 3565 961 3615 (5
1019 3610 1039 3634 r
1058 3600 1079 3621 2

1019 3678 1039 3713 Ε

444 3717 469 3730 rr
540 3713 560 3736 2
1029 3714 1041 3726 Ἴ

75 3713 513 3817 -e)=-}><⁰e
587 3713 1118 3830 Υῑαῖμρὶτξκ

75 3834 399 3884 oey2-r22
495 3830 570 3883 eF
687 3832 795 3879 35²

205 3897 263 3933 r²
416 3850 684 3934 επακ(
731 3909 751 3933 r
815 3865 938 3914 -η

1145 3575 1276 3629 ,δυ

1552 2758 1780 2798 THEOR.
1811 2759 1861 2797 V.

1232 2865 1409 2903 Effectus
1435 2864 1597 2903 actionis
1619 2865 1719 2903 Solis
1746 2865 1788 2903 in
1822 2866 1980 2904 Lunam
2008 2854 2222 2903 secundfim

1175 2918 1426 2957 directionem
1444 2918 1542 2956 radii
1560 2919 1695 2957 orbitae
1708 2920 1854 2957 lunaris
1865 2919 2041 2957 exercitae
2056 2918 2223 2968 intelligi

1175 2980 1313 3022 potest,
1361 2971 1393 3010 si
1429 2972 1669 3021 concipiatur
1706 2974 1861 3011 Lunam
1897 2986 1944 3011 ex
1982 2972 2054 3011 sua
2098 2971 2223 3010 orbita

1181 3029 1218 3064 A
1248 3026 1289 3064 D
1318 3027 1354 3064 B
1385 3026 1417 3064 C
1451 3026 1493 3063 in
1521 3026 1637 3064 aliam
1665 3026 1872 3071 transferri,
1912 3027 2026 3078 cujus
2055 3027 2222 3077 singulae

1174 3079 1373 3128 particulae
1384 3080 1675 3130 quamminimae
1690 3080 1766 3117 sint
1779 3081 1974 3129 portiones
1986 3080 2220 3118 circulorum

1174 3132 1310 3170 talium
1329 3140 1375 3170 ut
1392 3133 1449 3170 vis
1467 3134 1644 3171 centralis
1666 3135 1797 3172 Terrae
1823 3133 1865 3171 in
1893 3133 2047 3185 singulo
2075 3133 2220 3171 circulo

1173 3198 1304 3236 agens,
1325 3186 1476 3224 sublata
1494 3186 1554 3224 vel
1572 3187 1703 3225 addita
1716 3187 1773 3225 vis
1794 3187 1893 3225 Solis
1904 3200 1992 3238 quae
2010 3187 2051 3224 in
2070 3199 2117 3224 eo
2135 3187 2220 3224 loco

1174 3247 1425 3286 exerceretur,
1456 3241 1505 3278 sit
1523 3240 1573 3278 ad
1591 3241 1669 3278 vim
1688 3242 1897 3279 centralem
1920 3242 2050 3279 Terrae
2077 3241 2118 3277 in
2145 3241 2218 3279 cir-

1172 3292 1262 3329 culo
1285 3294 1322 3330 A
1355 3294 1396 3331 D
1424 3293 1460 3331 B
1491 3294 1523 3331 C
1557 3294 1651 3332 citra
1672 3294 1772 3333 Solis
1801 3295 1994 3333 actionem
2023 3303 2216 3345 agentem,

1169 3343 1320 3383 inverse
1339 3353 1385 3384 ut
1402 3348 1526 3384 cubus
1544 3347 1642 3385 radii
1661 3348 1744 3399 ejus
1762 3348 1897 3386 circuli
1915 3348 1965 3386 ad
1984 3350 2129 3386 cubum
2156 3360 2217 3385 ra-

1166 3398 1221 3436 dii
1239 3398 1373 3437 circuli
1395 3400 1434 3436 A
1458 3400 1498 3437 D
1521 3401 1556 3438 B
1581 3401 1628 3440 C.

1225 3464 1388 3502 Etenim
1409 3464 1502 3502 cum
1534 3479 1580 3504 ea
1610 3466 1666 3504 vis
1701 3466 1800 3505 Solis
1819 3480 1887 3517 per
1904 3467 2048 3518 gradus
2065 3466 2217 3506 infinite

1169 3530 1305 3566 parvos
1341 3525 1486 3556 crescat
1517 3519 1579 3557 vel
1607 3519 1801 3558 decrescat
1830 3521 1955 3571 sitque
1984 3521 2093 3559 nulla
2123 3534 2216 3559 cum

1293 3618 1350 3639 =
1370 3615 1399 3649 r,
1420 3603 1539 3652 paulo
1557 3613 1643 3654 post
1660 3605 1822 3644 minima
1840 3606 1900 3653 sit,
1928 3606 2059 3658 sicque
2076 3606 2214 3659 grada-

1211 3646 1231 3670 r

1166 3686 1236 3723 tim
1256 3696 1410 3735 crescat,
1439 3689 1470 3726 si
1490 3699 1668 3729 constans
1685 3700 1885 3731 censeatur
1903 3690 1971 3742 per
1988 3701 2211 3743 tempuscu-

1166 3738 1248 3777 lum
1270 3740 1439 3791 aliquod,
1458 3744 1680 3783 brevissime
1698 3747 1873 3785 transibit
1893 3747 2010 3785 Luna
2028 3747 2068 3784 in
2087 3748 2212 3786 circu-

1166 3792 1249 3830 lum
1268 3807 1291 3831 a
1306 3793 1331 3831 d
1343 3797 1367 3833 b
1381 3808 1402 3834 c
1420 3796 1478 3833 illi
1496 3797 1532 3834 vi
1552 3811 1770 3849 congruum
1789 3813 1858 3849 per
1879 3802 2020 3839 Theor.
2043 3801 2096 3845 1.,
2119 3815 2212 3840 mox

1166 3844 1256 3885 vero
1275 3846 1368 3885 cum
1386 3849 1443 3886 vis
1464 3850 1564 3888 Solis
1595 3860 1740 3891 crescat
1757 3854 1971 3904 quantitate
1988 3854 2108 3906 quam
2136 3855 2210 3892 mi-

1165 3898 1285 3947 nimii,
1304 3914 1350 3940 ea
1368 3902 1425 3940 vis
1442 3911 1643 3944 censeatur
1653 3915 1831 3946 constans
1844 3921 1913 3957 per
1925 3908 2091 3947 alterum
2109 3917 2208 3948 tem-
