2540 4296
284 253 385 300 116

811 205 1376 302 Pinnosormffi
1413 230 1866 304 NATURALIS
1918 254 2036 315 [DE
2059 251 2243 330 Mum)
2266 253 2417 306 sm.

281 384 437 440 situm
476 384 759 440 oscillando
799 407 1003 458 semper
1041 390 1244 442 redibit.
1318 375 1566 444 Attamen
1603 392 1965 455 oscillationeS,
2007 394 2074 445 ob
2113 395 2416 462 parvitatem

280 476 465 528 virium
484 476 787 547 agitantium
807 486 977 528 esseut
992 476 1149 548 longe
1166 477 1498 530 tardissimae:
1526 479 1656 531 adeo
1682 480 1741 531 ut
1765 479 1919 531 facies
1937 479 2039 542 illa,
2063 500 2178 549 quae
2199 481 2417 533 Terram

281 585 484 635 semper
524 568 780 635 respicere
823 567 1078 645 deberet,
1097 569 1260 637 possit
1298 562 1519 619 ‘alterum
1563 569 1701 621 orbis
1747 566 1941 620 lunaris
1982 569 2281 621 umbilicum
2325 571 2416 639 (ob

278 659 530 711 rationem
554 658 609 707 in
638 658 796 726 Prop.
826 656 1015 710 XVII.
1041 657 1269 724 allatam)
1309 652 1581 728 respicere,
1620 678 1787 731 neque
1814 660 1982 712 statim
2008 659 2195 712 abinde
2223 660 2415 712 retrahi

256 756 331 799 ‚et
353 746 409 796 in
434 745 655 796 Terram
681 744 924 799 converti.
1000 787 1003 789 -

1164 893 1455 947 LEMMA
1494 895 1538 947 I.

280 1035 338 1086 Si
364 1035 413 1086 A
433 1035 477 1086 P
498 1034 545 1086 E
567 1036 612 1087 P
636 1054 672 1104 p
707 1037 915 1088 Terram
940 1030 1503 1106 designet‘unfformiter
1527 1040 1741 1100 densam,
1769 1045 2028 1105 centroque
2056 1037 2100 1089 C
2126 1045 2173 1088 et
2189 1039 2326 1103 polis
2354 1037 2415 1098 P,

348 1144 385 1193 p
412 1133 460 1175 et
484 1135 735 1193 cequatore
758 1126 810 1177 A
827 1126 876 1178 E
901 1128 1199 1179 delineatam
1216 1156 1238 1187 ,·
1277 1136 1325 1179 et
1348 1130 1395 1180 si
1417 1136 1584 1181 centro
1611 1128 1656 1179 C
1679 1130 1829 1179 radio
1857 1128 1902 1180 C
1930 1129 1975 1179 P
2000 1129 2208 1179 describi
2233 1128 2419 1178 intelli-

343 1224 499 1283 gatur
522 1217 716 1282 sphaera
746 1216 791 1267 P
816 1235 848 1266 a
870 1234 906 1284 p
932 1235 989 1277 e3
1027 1219 1095 1268 sit
1134 1211 1295 1289 autem
1323 1217 1377 1279 Q
1405 1216 1457 1270 R.
1489 1218 1717 1284 planum,
1761 1219 1840 1268 cui
1865 1226 2000 1268 recta
2025 1236 2058 1267 a
2089 1225 2255 1268 centro
2291 1217 2421 1268 Solis

350 1305 422 1353 ad
454 1312 668 1354 centrum
703 1304 875 1353 Terrcc
918 1306 1063 1355 ducta
1099 1307 1392 1357 normaliter
1416 1307 1603 1357 insistit
1620 1336 1638 1365 ;
1680 1314 1727 1357 et
1761 1307 1814 1357 T
1807 1323 1933 1356 errce
1975 1309 2124 1357 totius
2163 1306 2422 1356 exterioris

353 1392 398 1443 P
413 1411 442 1442 a
457 1410 491 1460 p
514 1393 564 1443 A
583 1393 628 1444 P
648 1410 676 1443 e
694 1410 729 1460 p
753 1392 816 1455 E,
846 1411 954 1460 quae
977 1392 1340 1461 sphaeramodd
1365 1395 1613 1462 descripta
1637 1398 1792 1447 altior
1816 1405 1902 1458 est,
1921 1398 2192 1463 particulce
2214 1398 2423 1463 singulae

350 1490 584 1533 conentur
598 1485 821 1533 recedere
838 1484 955 1535 hinc
981 1486 1098 1535 inde
1122 1502 1156 1533 a
1170 1487 1333 1550 plano
1352 1484 1405 1545 Q
1424 1485 1490 1547 R,
1518 1487 1676 1552 sitque
1695 1493 1897 1535 conatus
1912 1487 2184 1551 particulae
2198 1484 2423 1551 cuj-usque

348 1579 404 1620 ut
429 1569 634 1637 ejusdem
661 1571 905 1622 distantia
929 1590 963 1621 a
983 1574 1138 1639 plano
1156 1596 1171 1622 .·
1208 1574 1317 1623 dico
1333 1570 1518 1639 primu,
1546 1575 1676 1640 quod
1699 1581 1805 1623 tota
1819 1573 2186 1639 particularum
2212 1573 2423 1623 omniu-m

352 1660 406 1709 in
432 1661 699 1726 aequatoris
734 1661 916 1715 circulo
935 1678 936 1681 ¹
956 1659 1008 1710 A
1039 1659 1104 1721 E,
1147 1668 1289 1711 extra
1308 1661 1504 1728 globum
1530 1660 1845 1728 uniformiter
1870 1678 1969 1727 per
1994 1669 2145 1711 totum
2171 1660 2425 1711 circuitum

354 1753 409 1801 in
436 1770 612 1801 morem
638 1753 816 1802 annuli
842 1753 1207 1819 dispositarum,
1235 1754 1309 1803 vis
1334 1762 1382 1804 et
1406 1754 1626 1823 efficacia
1663 1754 1733 1802 ad
1772 1753 1980 1802 Terram
2004 1753 2183 1803 circum
2208 1759 2425 1803 centrum

355 1843 456 1911 ejus
480 1846 762 1906 rotundam,
791 1846 857 1895 sit
883 1846 953 1894 ad
987 1853 1140 1895 totam
1156 1847 1526 1911 particularum
1552 1846 1753 1896 totidem
1781 1845 1836 1894 in
1861 1846 2130 1911 aequatoris
2143 1852 2331 1910 puncto
2355 1843 2424 1905 A,
2492 1840 2496 1865 ³

355 1934 484 2001 quod
522 1952 555 1983 a
584 1935 747 1999 plano
786 1932 840 1992 Q
879 1932 930 1984 R
958 1931 1170 1984 maxime*
1197 1935 1367 1997 distat,
1412 1934 1776 1984 consistentium
1814 1928 1996 1982 ’vim'et
2035 1950 2057 1981 c
2098 1932 2316 1993 acaciam,
2357 1924 2449 1982 ad·

361 2024 571 2075 Terram
596 2025 839 2076 consimili
863 2033 995 2075 motu
1020 2026 1258 2075 circulari
1289 2024 1469 2075 circum
1495 2031 1711 2074 centrum
1737 2020 1837 2089 ejus
1861 2022 2160 2083 movendam,
2201 2030 2257 2072 ut
2279 2039 2429 2072 unum

343 2117 426 2165 'ad
447 2117 557 2166 duo.
620 2117 695 2166 Et
720 2123 872 2166 motus
898 2118 990 2167 iste
1013 2116 1275 2168 circularis
1298 2115 1479 2167 circum
1503 2133 1660 2177 axem,
1690 2116 1743 2164 in
1768 2116 2007 2164 communi
2028 2116 2239 2166 sectione
2262 2132 2429 2182 oequa-
2463 2115 2465 2118 ’

357 2205 480 2254 toris
505 2211 552 2254 et
566 2205 721 2269 plani
748 2203 801 2263 Q
830 2204 879 2254 R
888 2203 1157 2270 jacentem,
1177 2211 1465 2271 peragetur.
1520 2267 1522 2273 X

359 2345 497 2397 Nam
525 2354 702 2396 centro
731 2345 784 2396 K
810 2346 1061 2398 diametro
1090 2347 1116 2398 I
1145 2347 1193 2398 L
1219 2347 1539 2399 describatur
1564 2347 1936 2399 semi-circulus
1977 2348 2003 2398 I
2031 2347 2084 2398 N
2111 2347 2174 2398 L.
2250 2346 2433 2398 Dividi

286 2437 605 2507 intelligatur
631 2438 1197 2490 semi-circumferentia
1236 2438 1262 2489 I
1292 2439 1345 2490 N
1370 2427 1418 2490 L
1456 2439 1509 2489 in
1534 2448 1705 2506 partes
1732 2438 2026 2489 innumeras
2053 2437 2293 2506 aequales,
2327 2447 2378 2488 et
2403 2456 2434 2488 a

288 2528 523 2596 partibus
550 2528 763 2599 singulis
807 2528 862 2580 N
900 2528 967 2579 ad
992 2528 1301 2580 diametrum
1341 2529 1369 2580 I
1408 2528 1457 2580 L
1495 2528 1830 2579 demittantur
1859 2528 1999 2578 sinus
2028 2526 2082 2578 N
2110 2526 2191 2579 M.

293 2670 353 2708 vel
373 2669 586 2709 excentrica
604 2670 728 2720 qualis
745 2676 802 2708 est
820 2669 940 2709 orbita
962 2670 1100 2717 Lunae,
1130 2669 1328 2708 variabiles

293 2732 386 2761 sunt
416 2724 577 2774 hujusce
604 2724 711 2761 fluidi
739 2724 965 2766 velocitates.
997 2722 1115 2774 quare
1147 2724 1263 2761 Luna
1288 2724 1327 2760 in

294 2777 429 2814 eodem
443 2777 519 2814 situ
534 2777 738 2814 consistere
751 2790 827 2814 non
841 2785 980 2826 potest,
996 2777 1062 2815 sed
1076 2776 1331 2814 oscillationes

294 2830 479 2879 quasdam
497 2829 537 2865 in
558 2828 840 2879 longitudinem
860 2830 1003 2878 patitur
1017 2844 1029 2877 ;
1047 2843 1091 2867 ex
1108 2830 1247 2879 quibus
1265 2828 1331 2866 fiet

296 2890 343 2920 ut
362 2882 476 2919 mod&
496 2882 605 2919 nobis
620 2882 820 2932 detegatur
838 2883 967 2932 aliqua
983 2895 1071 2931 pars
1087 2881 1329 2930 hemispherii

296 2935 400 2985 quod
419 2935 614 2972 occultum
634 2948 713 2973 esse
731 2935 839 2981 solet,
859 2933 975 2973 mod&
993 2943 1123 2972 autem
1143 2935 1252 2972 nobis
1266 2936 1331 2971 ab·

297 2988 504 3026 scoudatur
518 2988 646 3038 aliqua
660 3002 745 3037 pars
760 2988 1003 3037 hemispherii
1017 2987 1120 3038 quod
1137 2987 1233 3025 solet
1252 3000 1332 3025 esse

298 3041 564 3090 conspicuum,
593 3042 709 3091 idque
728 3042 852 3091 magis
879 3041 938 3078 vel
958 3041 1089 3078 minue
1111 3041 1332 3091 contingere

299 3094 412 3132 debet
429 3106 498 3142 pro
516 3094 651 3145 majori
676 3094 736 3131 vel
762 3095 900 3132 minori
919 3092 1176 3143 inaequalitate
1194 3091 1331 3131 veloci-

299 3156 425 3185 tatum
445 3146 565 3184 fluidi.
629 3146 718 3184 Hzic
737 3147 883 3184 ratione
902 3147 1080 3196 explicari
1107 3147 1245 3195 poterit
1263 3157 1333 3184 cur

298 3199 448 3237 zunaris
479 3199 690 3237 librationis
725 3201 917 3250 quantitas
960 3200 1001 3236 in
1048 3200 1331 3250 longitudinem

300 3254 422 3304 major
441 3252 648 3303 aliquando
666 3255 713 3290 ab
732 3253 957 3291 astronomis
981 3255 1199 3291 observatur
1216 3252 1333 3302 quam

302 3319 349 3343 ex
390 3306 505 3354 Prop.
544 3306 690 3343 XVII.
730 3306 818 3343 Lib.
857 3307 987 3355 hujus,
1025 3306 1175 3354 prodire
1211 3306 1334 3343 debet.

304 3358 452 3396 Verum
481 3366 562 3396 tota
588 3361 670 3396 haec
697 3359 900 3407 explicatio
926 3359 976 3397 ad
1001 3372 1082 3396 rem
1103 3365 1271 3396 nostram
1296 3366 1335 3396 et

306 3411 608 3450 Newtonianum
629 3420 794 3461 systema
812 3412 1173 3456 accommodabitur,
1201 3412 1231 3447 si
1251 3423 1335 3448 vor-

304 3466 424 3502 ticum
445 3464 530 3503 loco
545 3467 797 3503 substituatur
810 3465 993 3511 attractio,
1009 3464 1336 3515 quemadmodum

305 3533 328 3556 a
346 3518 484 3555 clariss.
547 3518 713 3556 Daniele
736 3517 962 3556 Berneullio
981 3519 1125 3555 factum
1145 3524 1210 3560 est,
1228 3517 1337 3566 cujus

305 3571 487 3608 eximiam
519 3571 837 3609 Dissertationem
866 3570 915 3608 de
948 3571 980 3609 F
983 3572 1078 3608 luxu
1100 3578 1138 3609 et
1169 3569 1343 3608 Refluxu

309 3624 432 3662 Maris
455 3625 548 3672 Cap.
575 3624 662 3662 ΙΙΙ.
686 3624 861 3662 consulat
879 3624 1008 3662 lector.

363 3676 415 3722 (ἵ)
443 3681 526 3715 125.
546 3679 566 3699 ⁴¹
591 3679 645 3715 Et
677 3691 827 3716 summa
854 3680 1146 3727 quadratorum.
1207 3675 1346 3713 Divisa

308 3728 547 3779 intelligatur
564 3729 987 3767 semi-circumferentia
1018 3730 1037 3767 l
1061 3731 1100 3767 N
1123 3730 1172 3773 L,
1198 3729 1238 3765 in
1257 3741 1343 3776 par-

311 3781 448 3818 ticulas
468 3782 632 3830 aequales
650 3783 872 3820 innumeras
890 3795 914 3819 n
936 3785 973 3828 b,
997 3782 1038 3819 N
1060 3783 1109 3828 L,
1133 3782 1173 3818 N
1197 3783 1233 3826 S,
1254 3783 1278 3818 b
1297 3781 1344 3825 B,

312 3835 381 3871 ἃς.
407 3835 614 3884 erectisque
634 3835 781 3873 sinibus
798 3837 823 3873 b
842 3837 893 3880 It,
917 3836 957 3873 N
976 3836 1036 3882 M,
1058 3837 1128 3873 ἃς.
1152 3836 1225 3873 erit
1242 3833 1349 3871 sinus

2268 2526 2324 2595 (ι)
2364 2526 2435 2578 Et

1401 2672 1427 2707 b
1445 2682 1497 2715 m,
1520 2683 1586 2707 seu
1614 2669 1652 2707 K
1671 2670 1721 2715 R,
1743 2672 1899 2718 aequaiis
1918 2669 2017 2707 sinui
2040 2670 2081 2707 N
2096 2670 2156 2715 M,
2173 2676 2211 2707 et
2228 2667 2281 2707 ita
2296 2668 2343 2706 de
2362 2681 2434 2706 cae·

1401 2724 1491 2760 teris
1512 2723 1649 2774 (Prop.
1671 2723 1841 2760 XXVI.
1868 2723 1955 2760 Lib.
1978 2723 2063 2759 111.
2091 2721 2252 2771 Eleum).
2304 2720 2436 2765 Quare

1403 2776 1511 2812 sinus
1528 2788 1661 2812 omnes
1678 2782 1722 2812 ut
1744 2774 1785 2812 K
1810 2775 1860 2821 R,
1893 2775 1934 2812 K
1957 2774 1999 2818 F,
2030 2774 2196 2825 aequales
2213 2782 2326 2812 erunt
2345 2774 2435 2811 sini-

1401 2830 1474 2865 bus
1492 2835 1537 2865 ut
1557 2828 1596 2866 N
1618 2828 1678 2872 M,
1704 2828 1730 2865 S
1748 2828 1800 2872 Q,
1819 2840 1863 2864 ac
1882 2826 2043 2875 proinde
2062 2840 2215 2865 summa
2231 2826 2437 2877 quadrato-

1402 2892 1490 2936 rugn
1527 2893 1576 2918 ex
1609 2879 1754 2918 sinibus
1782 2880 1962 2918 omnibus
2000 2881 2041 2918 N
2072 2881 2133 2927 M,
2173 2879 2329 2931 aequalis
2365 2879 2437 2918 eri:

1403 3586 1567 3611 summae
1587 3573 1863 3624 quadratorum
1887 3586 1932 3611 ex
1953 3573 2100 3610 sinibus
2118 3571 2297 3610 omnibus
2319 3571 2360 3608 K
2378 3570 2438 3608 M.

1409 3622 1599 3666 Praeterea
1614 3627 1842 3676 quadratum
1858 3626 2144 3664 semi-diametri
2168 3625 2205 3662 K
2226 3626 2277 3666 N,
2293 3624 2440 3673 aequale

1409 3688 1462 3718 est
1480 3679 1673 3729 quadratis
1692 3680 1848 3716 sinuum
1879 3680 1920 3718 K
1944 3680 2004 3725 Μ,
2030 3679 2076 3716 Μ
2098 3679 2151 3716 Ν.
2212 3676 2343 3721 Quare
2372 3678 2440 3727 (ob

1404 3745 1595 3770 summam
1616 3732 1888 3783 quadratorum
1919 3733 1960 3770 K
1983 3732 2044 3777 M,
2074 3730 2258 3780 aequalem
2279 3741 2441 3766 summm

1405 3785 1678 3835 quadratorum
1696 3786 1735 3823 N
1752 3786 1834 3834 M‚)
1852 3797 2002 3823 summa
2012 3783 2284 3834 quadratorum
2300 3795 2343 3819 ex
2358 3794 2441 3818 om·

1407 3840 1520 3876 nibus
1550 3838 1859 3876 semi-diametris
1894 3838 1936 3876 K
1965 3838 2016 3882 N,
2052 3837 2170 3886 dupla
2197 3844 2253 3874 cst
2281 3847 2442 3873 summae

2531 630 2540 659 i
