2540 4296
151 301 331 354 er-:R
362 298 661 362 Timauus]
740 299 1141 354 PRINCIPIA
1186 300 1804 354 MATHEMATICA.
2269 308 2300 360 7

162 457 204 499 ><
237 445 282 497 P
305 462 340 512 p
367 442 634 513 aequalem.
698 441 761 510 (⁰)
792 440 862 496 Et
886 441 1148 505 velocitaS,
1177 461 1333 513 quam
1359 444 1435 494 vis
1462 444 1689 496 maxima
1714 454 1947 512 tempore
1974 446 2155 514 quovis
2186 447 2229 499 C
2255 448 2299 499 P

146 551 396 605 generare
421 542 611 600 posset,
652 531 750 582 erit
785 530 854 582 ad
890 530 1217 595 velocitatem
1242 549 1399 600 quam
1436 532 1511 584 vis
1550 534 1718 584 omnis
1744 533 1916 584 minor
1954 533 2001 586 E
2028 534 2076 586 L
2114 535 2298 587 eodem

145 634 377 692 tempore
416 631 645 694 generat,
684 629 747 677 ut
785 622 1148 693 rectangulum
1195 622 1224 684 ὲ
1254 622 1305 674 Τ
1333 622 1378 674 Ρ
1408 636 1451 679 Χ
1486 623 1530 675 C
1562 626 1608 678 P
1651 624 1719 676 ad
1763 643 1937 677 aream
1984 625 2037 677 K
2067 626 2111 677 C
2141 628 2194 679 G
2224 628 2294 679 F:

143 724 379 783 tempore
404 722 577 764 autem
613 720 723 763 toto
764 711 809 764 C
838 711 883 764 P
912 712 979 775 A,
1021 712 1317 765 velocitates
1343 712 1534 784 genitae
1562 725 1714 769 erunt
1739 715 1806 767 ad
1832 716 2052 767 invicem
2092 727 2149 769 ut
2184 737 2295 769 rec-

144 805 415 876 tangulum
441 810 471 872 ὲ
500 803 552 856 Τ
580 803 624 855 Ρ
655 818 698 861 Χ
732 802 777 855 C
806 804 857 855 A
882 813 934 855 et
958 804 1278 876 triangulum
1307 805 1358 856 T
1387 805 1432 856 C
1462 805 1532 868 G,
1561 806 1665 857 sive
1690 816 1749 858 ut
1773 827 1922 860 arcus
1943 809 2295 879 quadrantalis

148 899 192 951 C
220 900 269 950 A
308 907 360 949 et
395 896 569 949 radius
611 896 662 948 T
690 896 749 947 P.
827 894 1058 964 Ideoque
1099 899 1213 964 (per
1256 894 1414 964 Prop.
1445 895 1550 970 IX.
1579 896 1698 948 Lib.
1727 898 1793 949 V.
1823 898 2013 964 Elem.)
2054 900 2295 953 velocitas

140 992 411 1060 posterior,
441 1000 551 1043 toto
571 998 804 1057 tempore
824 988 1014 1058 genita,
1046 986 1143 1038 erit
1158 1005 1279 1061 pars
1305 986 1473 1052 figis*
1498 986 1779 1039 velocitatis
1801 989 1986 1041 Lunae.
2053 992 2117 1061 (P)
2148 991 2294 1043 Huic

144 1083 312 1134 Lunae
337 1079 610 1142 velocitati,
652 1096 769 1148 quae
794 1095 929 1128 areae
954 1086 1222 1127 momento
1248 1076 1499 1127 mediocri
1525 1076 1746 1147 analoga
1770 1088 1863 1141 est,
1906 1079 1969 1148 (q)
1997 1080 2219 1132 addatur
2239 1092 2295 1133 *et

140 1174 400 1227 auferatur
425 1172 697 1227 dimidium
735 1169 1019 1222 velocitatis
1048 1169 1285 1230 alterius3
1325 1178 1376 1220 et
1403 1168 1445 1219 si
1471 1178 1790 1220 momentum
1829 1168 2093 1221 mediocre
2132 1189 2294 1242 expo-

140 1274 293 1317 natur
327 1282 424 1333 per
460 1279 736 1313 numerum
782 1266 972 1321 11915,
1015 1277 1216 1309 summa
1259 1265 1430 1310 11915
1468 1267 1521 1320 -1-
1557 1265 1626 1311 50
1670 1277 1763 1311 seu
1812 1266 1984 1312 11965
2029 1261 2297 1318 exhibebit

140 1363 462 1406 momentum
487 1350 772 1405 maximum
797 1367 931 1399 areae
957 1347 1011 1398 in
1037 1346 1245 1418 syzygia
1277 1347 1343 1410 A,
1385 1366 1444 1398 ac
1475 1346 1767 1401 differentia
1798 1355 1969 1401 11915
1998 1381 2069 1390 —-
2096 1358 2164 1403 50
2188 1365 2294 1405 ‘seu

145 1449 315 1495 11865
344 1439 574 1511 ejusdem
599 1447 922 1490 momentum
947 1437 1219 1488 minimum
1244 1436 1298 1486 in
1326 1436 1670 1505 quadraturis.
1737 1437 1907 1508 Igitur
1932 1458 2068 1490 areae
2093 1451 2296 1509 tempo-

138 1532 280 1583 ribus
306 1530 588 1600 aequalibus
626 1528 679 1578 in
718 1525 937 1597 syzygiis
964 1535 1016 1578 et
1042 1525 1372 1595 quadratur1s
1411 1525 1700 1594 descriptae,
1742 1537 1861 1578 sunt
1886 1527 1953 1578 ad
1978 1528 2201 1581 invicem
2238 1541 2297 1583 ut

145 1627 316 1673 11965
345 1619 412 1670 ad
442 1624 631 1670 11865.
708 1615 797 1667 Ad
821 1624 1142 1666 momentum
1174 1614 1448 1665 minimum
1492 1622 1664 1667 11865
1704 1614 1927 1668 addatur
1952 1628 2293 1683 momentum,

141 1711 281 1782 quod
321 1711 384 1761 sit
424 1709 491 1761 ad
531 1717 932 1759 momentorum‘
955 1705 1299 1757 differentiam
1347 1714 1447 1758 100
1486 1715 1544 1757 ut
1580 1707 1866 1775 trapezium
1909 1708 1952 1759 F
1981 1708 2034 1760 K
2064 1709 2108 1760 C
2138 1711 2191 1762 G
2229 1711 2298 1762 ad

140 1800 457 1872 triangulum
496 1799 547 1850 T
575 1799 619 1850 C
647 1798 701 1850 G
740 1798 798 1868 (Γ)
839 1798 920 1849 vel
951 1796 1091 1866 quod
1114 1796 1334 1865 perinde
1360 1807 1452 1859 est,
1482 1806 1539 1848 ut
1565 1798 1876 1867 quadratum
1904 1798 2047 1851 sinus
2077 1800 2122 1852 P
2149 1801 2202 1853 K
2228 1802 2297 1853 ad

141 1892 452 1964 quadratum
488 1890 619 1943 radii
657 1890 709 1942 T
737 1890 798 1952 P,
839 1890 896 1959 (⁸)
939 1888 1016 1958 (id
1052 1898 1145 1951 est,
1176 1898 1245 1940 -ut
1286 1888 1331 1940 P
1358 1889 1394 1940 d
1431 1888 1498 1940 ad
1526 1889 1578 1941 T
1605 1890 1673 1955 P)
1712 1900 1763 1941 et
1800 1909 2003 1943 summa
2028 1891 2297 1946 exhibebit

142 1991 464 2034 momentum
490 1999 641 2044 areae,
670 1979 760 2031 ubi
788 1978 942 2031 Luna
967 1989 1046 2030 est
1069 1977 1124 2029 in
1149 1977 1266 2030 loco
1292 1978 1473 2048 quovis
1499 1977 1808 2031 intermedio
1838 1979 1897 2031 P.

1248 2152 1351 2192 orbis
1364 2152 1511 2192 lunaris
1535 2153 1733 2192 circularis
1755 2161 1969 2202 censeatur,
1985 2167 2084 2193 areae
2098 2163 2297 2194 momenta

196 2158 252 2214 (⁰)
289 2163 310 2185 ⁴¹⁶
334 2161 389 2198 Et
416 2161 584 2199 velocitas
603 2172 719 2210 quam
749 2159 802 2198 vis
828 2158 996 2197 maxima
1026 2163 1192 2206 tempore

1247 2215 1339 2245 sunt
1357 2215 1403 2244 ut
1420 2220 1531 2245 arcus
1549 2208 1616 2257 qui
1636 2216 1728 2246 sunt
1746 2221 1881 2247 eorum
1901 2211 2021 2254 bases,
2043 2208 2213 2259 cumque
2231 2209 2297 2247 iis-

142 2216 272 2267 quovis'
292 2216 324 2253 C
341 2217 374 2254 P
388 2222 543 2262 generat
564 2215 614 2251 ad
632 2214 860 2251 velocitatem
874 2225 994 2262 quam
1005 2216 1193 2260 generant

142 2269 242 2306 vires
260 2280 358 2305 verae
380 2267 415 2305 E
435 2266 471 2305 L
488 2270 615 2305 eodem
634 2273 796 2316 tempore
809 2273 960 2314 agentes
979 2271 1025 2302 ut
1046 2262 1074 2314 ἦ
1102 2266 1140 2302 Τ
1157 2266 1194 2302 Ρ

146 2327 187 2368 ><
215 2324 248 2361 C'
268 2324 301 2361 P
327 2323 379 2359 ad
406 2334 537 2360 aream
557 2324 602 2361 K
617 2324 649 2360 C
674 2322 707 2358 G
728 2322 777 2366 F,
805 2318 1024 2356 velocitates
1048 2316 1191 2368 genitae

143 2382 236 2413 sunt
256 2381 299 2412 ut
316 2374 415 2413 vires
432 2373 572 2424 quibus
590 2381 836 2425 generantur,
866 2371 995 2411 ductae
1023 2370 1063 2407 in
1092 2378 1190 2408 tem·

143 2439 217 2478 pus
234 2441 303 2477 per
318 2427 426 2478 quod
438 2436 685 2478 generantur,
702 2427 794 2465 cum
807 2427 936 2476 itaque
950 2431 1191 2473 supponatur

143 2495 278 2520 omnes
292 2495 404 2520 arcus
422 2481 490 2531 Pp
504 2481 742 2531 temporibus
752 2477 1047 2530 quamproxime
1059 2490 1189 2528 aequa-

142 2535 245 2574 libus
271 2536 446 2580 describi,
476 2535 508 2572 si
534 2535 562 2573 ii
591 2547 703 2573 arcus
733 2534 768 2572 P
786 2546 811 2582 p
840 2531 1006 2582 aequales
1024 2531 1124 2569 inter
1151 2543 1191 2568 se

145 2597 348 2627 sumantur
370 2588 463 2640 (vid.
487 2596 567 2627 not.
589 2587 607 2606 ³
626 2587 812 2637 praeced.)
833 2585 1052 2625 velocitates
1078 2584 1190 2635 geni-

144 2649 206 2686 tae,
228 2643 324 2681 dum
341 2654 454 2680 arcus
482 2642 519 2680 P
537 2654 562 2691 p
589 2648 880 2690 percurruntur,
908 2646 1000 2677 sunt
1027 2646 1072 2676 ut
1098 2638 1190 2687 ipsae

144 2697 243 2734 vires
271 2696 349 2734 sive
380 2703 426 2734 ut
455 2707 554 2733 areae
590 2696 623 2733 F
655 2694 695 2733 K
724 2695 750 2732 k
779 2694 807 2741 f,
840 2691 1006 2743 ideoque
1038 2704 1192 2730 summa

147 2749 392 2788 velocitatum
411 2749 632 2799 genitarum
657 2755 830 2797 tempore
862 2747 894 2785 C
919 2747 965 2792 P,
996 2745 1075 2782 sive
1094 2745 1190 2782 dum

145 2816 256 2841 arcus
274 2804 306 2842 C
325 2803 360 2841 P
374 2802 612 2849 describitur,
634 2809 691 2840 est
708 2810 754 2839 ut
773 2809 853 2839 tota
871 2813 959 2838 area
977 2799 1018 2837 K
1038 2799 1069 2837 C
1088 2799 1124 2836 G
1142 2799 1188 2845 F,

146 2856 214 2894 sed
229 2857 284 2895 vis
301 2857 343 2894 in
360 2856 576 2895 octantibus
591 2856 669 2894 sive
685 2855 862 2894 velocitas
875 2851 963 2906 quae
981 2853 1022 2889 in
1041 2859 1193 2890 octante

935 2908 971 2945 T
987 2907 1021 2944 P
1036 2912 1077 2952 ><
1102 2906 1134 2944 Ρ
1149 2920 1174 2955 p

147 2949 354 2994 generatur
371 2941 534 2981 durante
551 2950 724 2991 tempore
745 2941 781 2980 P
798 2954 836 2991 p,
857 2949 915 2980 est
932 2961 1188 3011 ——23--2

148 3027 239 3078 quia
256 3040 301 3066 eo
319 3028 361 3066 in
379 3028 465 3068 loco
491 3028 524 3065 is
552 3035 611 3066 est
638 3028 744 3066 valor
773 3040 871 3069 areae
902 3027 936 3066 F
957 3027 999 3065 K
1018 3026 1046 3064 k
1064 3028 1092 3073 f,
1123 3026 1192 3077 qui

149 3080 255 3119 valor
272 3090 329 3120 est
346 3083 426 3131 ipse
444 3082 550 3122 valor
569 3094 667 3120 areae
689 3083 724 3120 P
745 3083 780 3120 T
799 3096 835 3131 p,
866 3094 959 3133 ergo
978 3081 1011 3118 si
1029 3080 1192 3131 singulis

149 3134 355 3173 momentis
379 3136 449 3185 Pp
467 3135 602 3174 similis
616 3132 795 3173 velocitas
805 3142 1062 3187 generaretur,
1085 3147 1191 3172 sum-

151 3200 215 3226 ma
243 3188 482 3228 velocitatem
512 3189 730 3240 genitarum
759 3196 933 3238 tempore
965 3189 997 3227 C
1031 3188 1066 3226 P
1093 3188 1193 3227 foret

151 3253 239 3279 area
261 3242 293 3279 C
315 3243 352 3281 T
374 3243 408 3280 P
434 3243 512 3281 sive
527 3242 557 3294 ἦ
578 3242 614 3280 Τ
635 3243 669 3281 Ρ
692 3248 733 3289 Χ
762 3242 794 3281 C
816 3242 864 3286 P,
893 3254 987 3291 ergo
1013 3240 1193 3279 velocitas

151 3307 267 3345 quam
287 3295 342 3333 vis
360 3295 528 3333 maxima
541 3303 774 3350 generat,est
791 3295 842 3333 ad
860 3308 946 3332 eam
960 3307 1077 3345 quam
1095 3296 1193 3332 vires

151 3359 251 3386 verae
269 3357 467 3398 generant,
487 3356 565 3387 tem
618 3361 659 3386 re
674 3348 854 3400 utrinque
873 3348 1010 3386 eodem
1032 3347 1064 3386 C
1082 3348 1128 3394 P,
1148 3354 1194 3385 ut

152 3400 180 3452 ᾖ
200 3400 237 3439 Τ
260 3401 293 3438 P
315 3406 355 3447 ><
385 3402 417 3440 C
440 3402 474 3440 P
492 3401 542 3440 ad
630 3402 663 3440 C
687 3402 725 3440 G
749 3402 793 3440 F.

207 3453 263 3505 (Ρ)
306 3457 413 3494 Huic
433 3457 563 3494 Lunae
586 3457 767 3494 velocitati
785 3469 871 3506 quae
888 3468 990 3492 areoe
1007 3462 1194 3493 momento

152 3510 328 3558 mediocri
345 3516 397 3546 est
416 3511 587 3557 analoga.
650 3509 766 3547 Areae
784 3515 1029 3545 momentum
1047 3507 1195 3545 medio-

152 3573 216 3598 cre
244 3561 342 3599 illud
373 3570 430 3598 est
461 3560 566 3610 quod
595 3561 712 3599 Luna
738 3561 828 3599 dato
858 3561 1000 3611 exiguo
1025 3568 1197 3610 tempore

100 3617 101 3620 ’
152 3622 317 3652 verreret
334 3614 366 3652 si
385 3614 570 3652 uniformi
589 3614 788 3652 velocitate
815 3623 897 3652 toto
925 3627 995 3652 suo
1024 3621 1197 3662 tempore

151 3666 326 3714 ferretur,
356 3666 526 3718 cumque
548 3667 665 3705 Luna
688 3681 756 3716 per
780 3668 858 3705 vim
892 3668 926 3705 E
950 3668 985 3705 L
1016 3667 1129 3705 certis
1155 3668 1197 3704 in

154 3718 250 3759 locis
266 3721 355 3771 plus
373 3721 550 3759 minusve
569 3720 811 3767 acceleretur,
832 3733 929 3759 areae
940 3728 1197 3768 momentum,

159 3785 229 3812 seu
256 3787 303 3815 ea
329 3788 428 3814 areae
446 3773 637 3825 particula
654 3786 741 3823 quae
760 3774 851 3812 dato
868 3774 1010 3824 exiguo
1028 3781 1200 3822 tempore

160 3824 401 3875 describitur,
423 3840 527 3866 nunc
542 3827 664 3878 major
678 3839 782 3866 nunc
794 3828 919 3865 minor
932 3835 1009 3876 est;
1030 3826 1096 3864 sed
1108 3826 1199 3864 cum

1247 2260 1337 2297 dem
1356 2261 1595 2309 temporibus
1621 2260 1690 2299 illa
1716 2269 1915 2300 momenta
1932 2261 2068 2312 illique
2096 2275 2207 2300 arcus
2229 2263 2297 2300 de-

1246 2314 1475 2360 scribantur,
1500 2323 1593 2353 sunt
1609 2323 1655 2355 ut
1673 2315 1894 2354 velocitates
1911 2315 2053 2366 quibus
2071 2315 2295 2353 describun-

1246 2374 1322 2406 tur.
1384 2368 1496 2405 Hinc
1514 2381 1584 2417 pro
1603 2380 1781 2407 arearum
1808 2367 2016 2407 momentis
2034 2368 2128 2418 ipsae
2155 2368 2295 2407 veloci.

1244 2428 1369 2460 tatum
1388 2422 1555 2460 rationes
1572 2430 1835 2460 assumuntur.

1300 2498 1357 2551 (q)
1380 2503 1402 2524 ³*
1420 2500 1603 2538 Addatur
1617 2507 1651 2537 et
1666 2501 1870 2551 auferatur
1881 2501 2084 2539 dimidium
2098 2502 2296 2540 velocitatis

1246 2554 1414 2591 alterius·
1477 2552 1560 2590 Hic
1597 2553 1758 2591 assumit
1797 2554 2015 2591 Newtonus
2054 2553 2295 2591 velocitatem

1245 2606 1492 2651 mediocrem,
1525 2619 1609 2644 eam
1629 2619 1771 2655 nempe
1785 2607 1862 2657 qua
1882 2608 2006 2644 orbita
2031 2607 2176 2643 lunaris
2195 2614 2295 2644 tem-

1244 2672 1338 2708 pore
1356 2671 1427 2696 suo
1447 2660 1640 2708 periodico
1659 2660 1905 2697 uniformiter
1923 2659 2200 2697 describeretur
2214 2673 2295 2697 esse

1244 2712 1413 2750 mediam
1434 2712 1759 2762 proportionalem
1777 2711 2015 2750 arithmetice
2034 2713 2134 2750 inter
2153 2714 2295 2761 veloci-

1245 2773 1363 2803 tatem
1401 2766 1604 2804 minimam
1640 2773 1678 2803 et
1714 2766 1936 2804 maximam.
2009 2767 2126 2803 Hanc
2163 2775 2294 2804 tamen

1245 2819 1548 2868 propositionem
1585 2820 1695 2871 quasi
1732 2820 1949 2858 evidentem
1983 2832 2177 2857 assumere
2215 2833 2295 2858 non

1247 2873 1367 2917 licuit,
1404 2874 1434 2910 si
1466 2873 1571 2911 enim
1604 2887 1638 2912 v.
1673 2886 1731 2924 gr.
1769 2873 1915 2911 diutius
1952 2872 2135 2911 durarent
2167 2887 2294 2922 parvae

1245 2926 1463 2965 velocitates
1498 2925 1617 2978 quem
1653 2940 1818 2978 magnac,
1867 2927 2047 2965 velocitas
2092 2928 2294 2966 mediocris

1247 2982 1401 3030 propior
1418 2981 1518 3019 foret
1544 2981 1669 3031 parvis
1689 2982 1952 3019 velocitatibus
1970 2979 2086 3031 quam
2115 2982 2291 3031 magnis;

1246 3034 1336 3072 hinc
1355 3036 1583 3083 exponenda
1602 3043 1658 3072 est
1677 3035 1784 3083 prius
1807 3035 1903 3073 ratio
1922 3034 2000 3085 qua
2019 3045 2197 3073 crescunt
2215 3034 2294 3072 illae

1246 3087 1474 3133 velocitates,
1495 3096 1540 3126 ut
1558 3089 1750 3138 possimus
1764 3101 1928 3126 asserere
1942 3088 2175 3126 mediocrem
2191 3089 2293 3125 vclo-

1246 3142 1403 3179 citatem
1441 3142 1569 3180 Lunae
1606 3155 1689 3181 esse
1718 3141 1887 3180 mediam
1920 3141 2158 3179 arithmetice
2195 3142 2295 3179 inter

1244 3203 1446 3234 extremas
1523 3196 1642 3240 Quod
1678 3195 1836 3246 quidem
1874 3195 2023 3233 efficere
2069 3194 2296 3233 conabimur

1246 3248 1483 3297 problemate
1500 3250 1593 3287 huic
1611 3249 1862 3298 propositioni
1880 3261 1971 3286 mox
1991 3248 2276 3300 subjungendo.

1301 3327 1355 3380 (Γ)
1378 3331 1399 3353 *
1431 3331 1496 3367 Vel
1513 3331 1613 3380 quod
1627 3330 1784 3378 perinde
1803 3336 1855 3366 est
1874 3336 1916 3366 ut
1936 3331 2171 3378 quadratum
2189 3327 2296 3366 simis

1250 3385 1289 3421 P
1305 3385 1351 3419 K
1369 3385 1419 3420 ad
1446 3386 1680 3433 quadratum
1699 3384 1797 3419 radii
1825 3384 1860 3419 T
1882 3384 1913 3418 P
1940 3393 2028 3418 area
2059 3381 2094 3417 T
2117 3382 2148 3418 C
2174 3382 2207 3418 G
2239 3389 2297 3419 est

1248 3434 1297 3473 ad
1317 3448 1444 3472 aream
1467 3436 1503 3474 T
1521 3435 1562 3473 K
1583 3436 1615 3473 F
1634 3444 1679 3473 ut
1697 3435 1814 3484 quad.
1856 3436 1892 3473 T
1916 3436 1946 3472 C
1967 3434 2016 3473 ad
2036 3434 2149 3482 quad.
2194 3434 2231 3472 T
2253 3434 2295 3472 K

1249 3496 1289 3526 et
1305 3488 1513 3526 dividendo
1534 3489 1570 3528 T
1592 3489 1624 3527 C
1650 3489 1688 3528 G
1706 3510 1758 3518 -
1781 3489 1817 3527 T
1839 3488 1874 3524 K
1902 3488 1933 3525 F
1954 3487 2050 3539 (sive
2074 3486 2106 3523 F
2124 3487 2165 3524 K
2184 3487 2216 3526 C
2236 3488 2294 3531 G)

1250 3541 1411 3579 adTC
1437 3540 2217 3592 GutTC2—1‘K2(sive1³K²)
2247 3541 2297 3579 ad

1254 3595 1291 3633 T
1313 3595 1345 3633 C
1365 3597 1395 3632 2.

1305 3666 1356 3717 (⁸)
1394 3670 1414 3692 *
1445 3669 1627 3706 Idescut
1650 3671 1798 3706 Pdad
1824 3670 1915 3706 TP
1939 3676 1996 3705 est
2027 3666 2174 3706 Pdad
2198 3667 2232 3705 P
2255 3665 2296 3704 K

1253 3727 1298 3758 ut
1319 3716 1354 3758 P
1377 3719 1417 3759 K
1436 3721 1487 3758 ad
1509 3721 1545 3759 T
1567 3720 1602 3759 P
1628 3730 1782 3770 propter
1800 3720 2094 3759 similitudinem
2121 3720 2298 3772 triangu-

1253 3773 1380 3811 lorum
1405 3773 1439 3812 P
1461 3774 1503 3812 K
1521 3774 1561 3818 d,
1587 3774 1621 3812 P
1643 3775 1678 3811 T
1701 3774 1755 3819 K,
1785 3787 1878 3825 ergo
1896 3786 1964 3823 per
1982 3774 2297 3823 compositionem

1255 3826 1448 3865 rationum
1467 3834 1524 3865 est
1546 3827 1581 3865 P
1599 3827 1624 3865 d
1645 3826 1694 3865 ad
1715 3828 1751 3866 T
1774 3828 1809 3865 P
1829 3835 1871 3866 ut
1893 3827 1929 3866 P
1950 3827 1993 3866 K
2010 3829 2030 3852 ²
2049 3827 2099 3866 ad
2120 3828 2158 3867 T
2177 3827 2214 3868 P
2230 3828 2263 3866 ’κ
