2540 4296
226 266 327 312 198
729 256 1302 311 PHILOSOPHIAE
1341 259 1799 317 NATURALIS
1856 265 1974 331 [DE
1997 267 2202 319 MUND.
2224 270 2376 322 SYST.

227 405 384 462 1573,
413 418 590 455 mense
616 400 867 451 Januario
890 399 1063 450 minor
1081 410 1193 452 erat
1212 402 1343 453 Jove
1360 410 1411 452 et
1428 405 1593 473 major
1616 405 1768 469 Sirio,
1788 408 1873 457 cui
1896 408 1951 458 in
1976 409 2081 460 fine
2108 409 2380 462 Februarii

222 498 275 540 et
312 489 497 541 Martii
535 489 683 540 initio
719 489 881 541 evasit
919 491 1151 560 aequalis.
1228 492 1417 544 Mense
1462 493 1630 562 Aprili
1664 509 1715 546 et
1753 495 1903 547 Maio
1942 497 2099 549 stellis
2137 499 2380 551 secundae

222 579 609 650 magnitudinis,
638 579 815 641 Junio,
844 579 988 631 Julio
1013 589 1066 631 et
1085 581 1328 652 Augusto
1353 582 1513 633 stellis
1540 585 1704 635 tertiae
1730 586 2118 656 magnitudinis,
2146 589 2381 657 Septem-

226 669 323 730 bri,
366 667 585 720 Octobri
622 678 674 718 et
711 667 1002 719 Novembri
1039 669 1199 721 stellis
1237 681 1452 741 quartae,
1494 672 1780 724 Decembri
1805 684 1858 726 et
1883 675 2006 726 anni
2043 681 2180 732 1574
2206 697 2382 730 mense

226 757 476 810 Januario
514 757 675 808 stellis
714 757 926 827 quintae,
967 767 1019 809 et
1052 777 1232 811 mense
1279 760 1567 812 Februario
1617 761 1775 813 stellis
1813 773 1972 815 sextae
2009 766 2381 836 magnitudinis
2452 769 2455 770 ⁷

226 848 438 917 aequalis
477 847 766 911 videbatur,
811 858 863 900 et
903 868 1081 901 mense
1126 850 1328 902 Martio
1366 869 1450 908 ex
1477 853 1641 903 oculis
1681 855 1905 908 evanuit.
1992 857 2154 908 Color
2195 858 2272 909 illi
2315 859 2381 910 ab

200 938 373 1006 *initio
411 938 595 1000 clarUS,
636 938 864 990 albicans
902 958 963 991 ac
999 939 1317 1008 splendidUS,
1357 951 1540 1009 postea
1573 943 1752 1007 flavus,
1794 955 1846 996 et
1880 947 2004 998 anni
2042 954 2179 1004 1573
2208 968 2384 1003 mense

229 1027 429 1079 Martio
453 1027 672 1078 rutilans
698 1027 862 1079 instar
889 1027 1083 1080 Martis
1098 1038 1199 1084 >aut
1224 1029 1389 1081 stellae
1416 1030 1739 1097 Aldebaran,
1781 1034 1931 1086 Maio
1957 1048 2130 1089 autem
2155 1039 2385 1090 altitudi-

226 1135 348 1168 nem
392 1116 701 1168 sublividam
737 1116 960 1180 induxit,
1008 1117 1216 1187 qualem
1253 1118 1310 1169 in
1356 1119 1585 1172 Saturno
1629 1122 1906 1187 cernimus,
1960 1144 2115 1194 quem
2158 1128 2386 1178 colorem

227 1225 392 1277 usque
429 1206 486 1257 in
510 1206 671 1258 finem
709 1207 946 1269 servavit,
987 1225 1191 1276 semper
1216 1217 1392 1259 tamen
1418 1209 1689 1262 obscurior
1713 1211 1861 1263 facta.
1938 1213 2085 1265 Talis
2111 1215 2266 1266 etiam
2290 1216 2388 1268 fuit

228 1300 376 1350 stella
411 1300 468 1350 in
492 1299 680 1351 dextro
714 1299 850 1368 pede
880 1301 1215 1368 Serpentarii,
1245 1319 1403 1371 quam
1431 1301 1650 1371 Kepleri
1675 1302 1916 1372 discipuli
1941 1322 2079 1355 anno
2108 1313 2264 1369 1604,
2305 1306 2388 1358 die

230 1399 299 1443 30
338 1391 658 1461 Septembris
697 1401 759 1444 st.
785 1402 887 1444 vet.
915 1411 1169 1461 apparere
1193 1393 1414 1461 coepisse
1439 1393 1813 1457 observarunt,
1841 1403 1893 1446 et
1927 1394 2044 1447 luce
2069 1395 2161 1446 sua
2189 1396 2390 1448 stellam

227 1483 262 1534 J
264 1483 373 1534 ovis
400 1501 687 1552 superasse,
728 1481 848 1537 oiim
873 1493 1027 1535 nocte
1051 1483 1383 1552 praecedente
1407 1483 1621 1535 minime
1647 1485 1987 1553 apparuisset.
2063 1487 2151 1539 Ab
2178 1489 2390 1540 <zo-vero

229 1585 466 1642 tempore
491 1573 744 1642 paulatim
770 1573 1015 1636 decrevit,
1045 1583 1097 1626 et
1124 1574 1292 1642 spatio
1317 1574 1577 1625 mensium
1602 1574 1899 1644 quindecim
1924 1575 2008 1627 vel
2035 1575 2301 1628 sexdecim
2327 1595 2393 1627 ex

230 1662 392 1714 oculis
431 1662 655 1714 evanuit.
747 1662 869 1714 Tali
907 1662 1064 1714 etiam
1099 1661 1248 1714 stella
1283 1661 1419 1714 nova
1458 1681 1616 1732 supra
1651 1663 1867 1715 modum
1905 1664 2210 1733 splendente
2252 1665 2394 1733 Hip-

228 1751 457 1820 parchus
496 1751 568 1806 ad,
600 1751 735 1803 fixas
774 1751 1125 1804 observandas
1152 1761 1205 1804 et
1240 1752 1296 1803 in
1323 1752 1619 1824 catalogum
1643 1752 1939 1805 referendas
1966 1753 2215 1806 excitatus
2239 1754 2395 1807 fuisse

231 1844 437 1895 dicitur.
517 1844 624 1897 Sed
649 1844 787 1907 fixae,
819 1863 938 1914 quae
961 1862 1058 1913 per
1082 1843 1222 1895 vices
1247 1854 1502 1913 apparent
1527 1853 1579 1895 et
1604 1853 1934 1908 evanescunt,
1971 1863 2191 1915 quaeque
2215 1841 2396 1915 paula-

231 1936 326 1986 tim
354 1948 610 1999 crescunt,
652 1947 704 1988 et
739 1937 857 1989 luce
884 1936 976 1988 sua
1003 1936 1137 1988 fixas
1163 1936 1331 1991 tei-tiae
1356 1934 1730 2006 magnitudinis
1755 1936 1845 1987 vix
1871 1932 2100 2007 unquam
2127 1947 2393 2011 superant,
2467 1936 2470 1939 ⁴

232 2024 475 2079 videntur
513 2045 625 2077 esse
662 2026 867 2096 generis
905 2025 1133 2088 alterius,
1175 2034 1227 2076 et
1250 2024 1570 2076 revolvendo
1607 2034 1812 2093 partem
1848 2025 2076 2077 lucidam
2103 2036 2156 2077 et
2191 2038 2395 2095 partem

233 2116 509 2168 obscuram
546 2137 642 2186 per
678 2118 817 2170 vices
853 2117 1142 2169 ostendere.
1244 2108 1714 2184 Vapores‘autem,
1758 2116 1848 2186 qui
1886 2135 1954 2168 ex
1997 2117 2119 2169 Sole
2156 2127 2207 2168 et
2237 2119 2397 2170 steffis

233 2205 353 2255 fixis
381 2215 432 2257 et
459 2207 638 2257 caudis
664 2215 984 2258 cometarum
1011 2206 1268 2268 oriuntur,
1297 2204 1528 2256 incidere
1552 2215 1772 2273 possunt
1794 2223 1890 2273 per
1914 2206 2223 2276 gravitatem
2249 2227 2396 2259 suam

235 2297 290 2347 in
328 2297 702 2365 atmosphaeras
742 2298 1071 2365 planetarum
1110 2307 1162 2348 et
1205 2297 1279 2348 ibi
1319 2296 1630 2348 condensari
1665 2305 1717 2348 et
1761 2298 1993 2349 converti
2029 2298 2083 2348 in
2124 2317 2312 2368 aquam
2349 2310 2399 2352 et

238 2385 451 2452 spiritus
477 2385 742 2448 humidos,
771 2395 823 2437 et
849 2384 1069 2437 subinde
1093 2403 1190 2454 per
1214 2385 1416 2437 lentum
1442 2384 1670 2436 calorem
1693 2385 1750 2436 in
1777 2386 1924 2449 sales,
1965 2396 2017 2438 et
2042 2386 2306 2455 sulphura,
2348 2398 2395 2441 et

239 2473 522 2537 tincturas,
541 2483 593 2524 et
617 2473 817 2537 limum,
845 2488 896 2526 et
919 2474 1105 2537 lutum,
1134 2483 1186 2525 et
1210 2474 1464 2545 argillam,
1488 2484 1539 2526 et
1556 2491 1783 2538 arenam,
1806 2485 1859 2528 et
1880 2475 2095 2546 lapides,
2119 2486 2171 2529 et
2190 2478 2396 2542 coralla,

240 2573 291 2616 et
318 2562 630 2617 substantias
655 2562 783 2617 alias
809 2572 1080 2619 terrestres
1105 2562 1359 2634 paulatim
1383 2563 1628 2638 miossrare.
1656 2632 1659 2637 .

1458 2608 1505 2650 ο,

871 2789 1295 2845 SCHOLIUM
1335 2789 1782 2852 GENERALE,

1901 2915 1922 2939 Ο

319 2953 383 3025 (f)
425 2953 753 3025 Hypothesis
789 2954 1048 3007 vorticum
1083 2953 1261 3007 multis
1297 2954 1554 3024 premitur
1590 2951 1994 3005 difficultatibus
2077 2952 2156 3006 Ut
2191 2952 2399 3022 planeta

246 3047 604 3117 unusquisque
639 3047 789 3099 radio
823 3047 892 3099 ad
940 3047 1115 3099 Solem
1160 3047 1319 3099 ducto
1359 3064 1503 3099 areas
1542 3045 1800 3098 describat
1842 3045 2065 3115 tempori
2106 3044 2402 3115 proportio-

243 3135 406 3199 nales,
459 3144 696 3204 tempora
752 3135 1018 3205 periodica
1066 3135 1295 3204 partium
1343 3135 1553 3187 vorticis
1595 3134 1847 3186 deberent
1896 3153 2007 3186 esse
2045 3134 2100 3185 in
2138 3130 2402 3202 duplicata

247 3225 456 3276 ratione
506 3225 871 3277 distantiarum
920 3245 952 3277 a
1005 3225 1141 3277 Sole.
1244 3225 1325 3278 Ut
1358 3223 1624 3294 periodica
1659 3224 1988 3293 planetarum
2017 3233 2255 3292 tempora
2305 3222 2408 3274 sint

244 3313 301 3364 in
337 3314 693 3383 proportionev
714 3313 1074 3384 sesquiplicata
1102 3302 1462 3365 distantiarum
1487 3332 1519 3364 a
1547 3313 1684 3376 Sole,
1724 3323 1961 3382 tempora
1983 3312 2250 3382 periodica
2283 3329 2404 3380 par-

247 3403 378 3454 tium
427 3403 635 3455 vorticis
679 3403 930 3456 deberent
973 3422 1089 3456 esse
1138 3403 1207 3454 in.
1237 3402 1598 3473 sesquiplicata
1641 3403 2004 3455 distantiarum
2046 3402 2402 3472 proportione.

251 3491 330 3543 Ut
354 3493 574 3544 vortices
599 3492 827 3543 minores
853 3492 1050 3558 circum
1073 3493 1372 3556 Saturnum,
1395 3492 1580 3543 Jovem
1606 3500 1658 3543 et
1681 3491 1808 3544 alios
1833 3492 2066 3562 planetas
2091 3491 2262 3563 gyrati
2280 3510 2405 3543 con-

251 3590 519 3632 serventur
545 3590 597 3631 et
619 3578 896 3651 tranquille
922 3590 1102 3632 natent
1136 3580 1192 3631 in
1217 3580 1412 3631 vortice
1440 3578 1593 3642 Solis,
1630 3588 1866 3648 tempora
1889 3578 2155 3648 periodica
2177 3579 2404 3648 partium
2443 3582 2450 3592 ¹

259 3668 467 3721 vorticis
495 3668 674 3721 solaris
700 3668 952 3720 deberent
974 3687 1087 3721 esse
1113 3667 1346 3740 aequalia.
1425 3667 1810 3721 Revolutiones
1827 3667 1962 3721 Solis
1987 3678 2039 3721 et
2073 3668 2402 3738 planetarum

310 3807 369 3860 (f)
409 3811 442 3899 *1
471 3811 717 3900 Ημῖρῑιζισῗίς.
736 3811 936 3912 3>orticum0
997 3808 1137 3861 (Prop.
1169 3808 1276 3848 LII.
1298 3807 1388 3848 Lib.
1414 3807 1476 3847 II.
1498 3819 1589 3846 cum
1620 3807 1767 3848 Coroll-
1799 3808 1928 3848 Schol.
1959 3808 2076 3860 Prop.
2101 3807 2196 3847 XL.
2223 3807 2314 3849 Lib.
2339 3806 2403 3846 11.

255 3868 293 3900 et
317 3869 397 3899 not.
450 3867 511 3901 75.
577 3875 588 3898 ι
616 3890 625 3900 .
664 3876 732 3913 iuJ.
761 3889 772 3900 .
