2540 4296
69 277 254 333 Lmen
271 282 588 353 Turinus]
622 279 1026 336 PRINCIPIA
1065 280 1240 334 MAT
1244 281 1305 334 H
1310 280 1687 335 EMATICA.
2125 293 2146 336 1
2159 293 2189 338 4
2202 293 2232 344 7

63 428 288 497 primam
314 435 365 478 et
389 425 689 490 secundam,
721 425 802 478 W
825 433 1031 493 tempus
1056 424 1191 476 inter
1216 422 1496 477 secundam
1522 441 1583 475 ac
1606 421 1827 486 tertiam,
1858 422 1913 475 X
1942 422 2227 522 longitudi-

65 534 204 579 nem,
244 534 400 584 quam
437 525 638 567 cometa
674 522 785 566 toto
819 511 911 563 illo
946 522 1183 581 tempore
1221 511 1282 562 ea
1320 530 1437 563 cum
1466 512 1755 575 velocitate,
1795 529 1952 582 quam
1987 510 2147 564 habet
2171 531 2227 566 ln

63 606 314 657 mediocri
367 605 595 658 Telluris
646 624 678 656 a
739 603 862 656 Sole
905 603 1165 668 distantia,
1219 604 1514 656 describere
1562 614 1771 674 posset3
1835 620 2055 674 quaeque
2106 607 2223 702 (per

63 695 240 748 Corol.
271 703 319 747 3.
353 695 511 764 Prop.
540 693 668 746 XL.
695 692 813 744 Lib.
843 691 972 757 ΙΙΙ.)
1014 692 1323 745 invenienda
1360 702 1451 756 est,
1491 702 1543 744 et
1568 703 1589 749 t
1615 693 1666 745 V
1697 691 2131 762 perpendiculum
2165 710 2221 744 1n

60 784 315 839 chordam
355 785 409 838 T
447 807 486 835 τ.
564 783 628 835 In
661 783 937 836 observata
974 783 1301 855 longitudine
1336 781 1508 834 media
1543 793 1565 835 t
1603 784 1650 836 B
1688 792 1921 836 sumatur
1957 793 2222 854 utcunque

46 1845 299 1907 punctum
327 1835 374 1889 B
406 1853 505 1905 pro
540 1835 658 1886 loco
693 1843 909 1887 cometae
946 1835 1002 1886 in
1037 1835 1197 1904 plano
1222 1834 1492 1904 eclipticae,
1521 1845 1572 1888 et
1607 1836 1730 1890 inde
1755 1856 1933 1892 versus
1962 1841 2137 1895 Solem
2166 1844 2205 1898 S

51 1930 271 1981 ducatur
295 1929 433 1980 linea
467 1927 515 1980 B
543 1928 608 1990 E,
638 1945 756 1998 quae
783 1927 848 1978 sit
872 1926 940 1978 ad
966 1926 1206 1997 sagittam
1230 1936 1253 1978 t
1277 1926 1345 1990 V,
1373 1936 1432 1978 ut
1456 1936 1757 1981 contentum
1783 1931 1880 1982 sub
1910 1933 1947 1984 S
1976 1933 2023 1986 B
2049 1943 2101 1987 et
2128 1936 2167 1988 S
2185 1944 2208 1988 t

51 2018 205 2089 quad.
246 2018 314 2070 ad
350 2018 543 2070 cubum
580 2016 922 2086 hypotenusae
957 2015 1205 2087 trianguli
1239 2016 1543 2088 rectanguli,
1585 2020 1730 2088 cujus
1756 2020 1918 2073 latera
1943 2034 2064 2076 sunt
2090 2026 2127 2078 S
2156 2025 2204 2079 B

46 2110 111 2177 (q)
152 2117 203 2161 et
239 2119 458 2179 tangens
494 2105 779 2158 latitudinis
806 2114 1023 2157 cometae
1044 2105 1103 2157 in
1128 2105 1488 2169 observatione
1514 2107 1740 2160 secunda
1768 2110 1835 2161 ad
1859 2112 2064 2165 radium
2088 2124 2110 2167 t
2137 2116 2201 2168 B.

45 2198 118 2250 Et
151 2216 248 2268 per
282 2206 536 2267 punctum
574 2195 622 2247 E
658 2204 844 2267 agatur
879 2197 994 2263 (per
1029 2193 1183 2264 hujus
1221 2194 1372 2247 Lem.
1401 2195 1553 2262 VII.)
1592 2207 1734 2250 recta
1770 2200 1823 2251 A
1862 2200 1911 2252 Ε
1952 2202 2013 2266 C,
2054 2205 2200 2274 cujus

37 2298 212 2356 partes
251 2286 303 2338 A
342 2285 408 2349 E,
447 2284 496 2337 E
525 2283 588 2348 C,
629 2283 697 2336 ad
731 2291 899 2336 rectas
937 2282 990 2335 T
1015 2283 1066 2334 A
1106 2291 1157 2334 et
1196 2282 1242 2335 C
1269 2303 1296 2332 τ
1332 2284 1639 2350 terminatae,
1678 2288 1779 2339 sint
1804 2289 1871 2341 ad
1896 2289 2115 2344 invicem
2140 2304 2199 2346 ut

37 2385 273 2444 tempora
297 2373 349 2426 V
374 2384 426 2425 et
452 2373 564 2426 W:
607 2371 667 2441 (r)
697 2381 749 2424 et
784 2380 938 2423 erunt
964 2371 1016 2423 A
1041 2379 1094 2422 et
1121 2370 1167 2423 C
1202 2370 1319 2423 loca
1344 2383 1562 2425 cometae
1589 2374 1645 2426 in
1678 2376 1837 2446 plano
1864 2378 2116 2449 eclipticae
2141 2382 2197 2435 in

90 2514 148 2567 (q)
189 2515 212 2539 ιιι
251 2515 308 2552 Eg
340 2520 502 2563 tangens
536 2513 750 2552 latitudinis
785 2520 948 2552 cometae.
1019 2512 1087 2555 Ex
1140 2519 1200 2551 ter
1226 2512 1355 2563 ducta,
1386 2522 1552 2567 tangens
1578 2518 1794 2559 latitudinis
1818 2526 2025 2580 observatae
2044 2539 2091 2565 ex
2110 2535 2127 2565 t
2144 2528 2196 2568 ad

36 2576 183 2617 puncto
203 2567 239 2605 B
284 2565 334 2605 ad
352 2566 515 2615 planum
532 2565 719 2614 eclipticae
737 2575 862 2609 erecta
888 2565 1083 2617 intelliga-
1138 2566 1294 2605 radium
1312 2576 1330 2607 t
1349 2571 1400 2616 B,
1419 2578 1523 2619 patet
1541 2581 1733 2620 punctum
1752 2576 1791 2613 R
1811 2590 1892 2616 esse
1910 2592 2044 2618 verum
2064 2594 2195 2621 come-

34 2628 100 2659 tur
118 2595 301 2658 normalis
333 2620 416 2657 haec
427 2619 499 2657 erit
512 2626 675 2670 tangens
693 2618 907 2658 latitudinis
922 2627 1084 2658 cometae
1140 2626 1192 2657 tae
1210 2620 1353 2669 locum,
1383 2630 1498 2673 atque
1528 2625 1568 2663 R
1590 2626 1618 2663 S
1637 2626 1857 2667 distantiam
1878 2641 2039 2672 cometae
2058 2647 2082 2672 a
2103 2637 2194 2675 Sole

33 2675 78 2713 in
94 2671 267 2714 secunda
283 2646 557 2720 o'bservatione,
577 2680 733 2723 sumpto
750 2680 767 2716 t
787 2673 823 2712 B
843 2685 914 2723 pro
931 2673 1051 2712 radio.
1136 2672 1180 2710 in
1198 2676 1460 2714 observatione
1478 2677 1661 2717 secunda.
1705 2681 1783 2718 Per
1803 2683 1855 2729 E,
1871 2693 2010 2734 agatur
2030 2687 2068 2725 E
2085 2701 2119 2734 e,
2141 2690 2193 2728 ad

1139 2726 1176 2764 Β
1202 2728 1253 2774 R,
1275 2729 1457 2776 parallela
1474 2743 1563 2781 quae
1592 2733 1679 2784 (per
1700 2733 1816 2784 Prop.
1844 2737 1974 2776 VIII.
1993 2740 2084 2780 Lib·
2110 2742 2191 2782 XI.

1141 2779 1296 2831 Elem.)
1317 2783 1501 2822 normalis
1519 2792 1577 2823 est
1594 2786 1645 2823 ad
1665 2788 1825 2834 planum
1843 2790 2043 2840 eclipticae,
2066 2796 2189 2846 jacet-

1134 2845 1212 2883 que
1229 2834 1270 2871 in
1289 2835 1406 2883 plano
1423 2837 1610 2889 trianguli
1641 2840 1668 2877 S
1690 2842 1726 2879 Β
1747 2843 1797 2886 R,
1819 2854 1996 2885 occurrat
2013 2849 2096 2886 haec
2113 2849 2191 2898 ipsi

1140 2887 1168 2925 S
1191 2888 1230 2925 R
1248 2888 1290 2925 in
1309 2901 1342 2926 e.
1404 2890 1497 2929 Jam
1525 2890 1616 2931 vero
1642 2902 1747 2933 recta
1769 2896 1809 2934 R
1827 2910 1861 2943 e,
1890 2908 1948 2937 est
1966 2900 2014 2938 ad
2042 2910 2190 2941 rectam

1134 2946 1151 2977 t
1173 2940 1223 2986 V,
1253 2941 1294 2978 in
1320 2943 1469 2981 ratione
1496 2946 1709 2994 composita
1736 2962 1784 2988 ex
1815 2951 1854 2989 R
1873 2964 1904 2995 e,
1935 2953 1986 2991 ad
2008 2955 2044 2992 B
2075 2956 2127 3001 E,
2150 2963 2188 2995 et

1136 2993 1174 3031 B
1197 2995 1235 3032 E
1265 2995 1315 3033 ad
1348 3005 1364 3034 t
1384 2997 1436 3035 V.
1498 2998 1575 3036 Sed
1609 3001 1697 3052 (per
1729 3003 1846 3052 Prop.
1868 3006 1950 3043 XI.
1982 3007 2073 3046 Lib.
2100 3010 2180 3048 VI.

1136 3046 1293 3098 Elem.)
1318 3049 1724 3094 ReestadBEut
1748 3057 1904 3096 RSad
1929 3060 2183 3101 BSetBE

1130 3108 1189 3138 est
1215 3101 1266 3139 ad
1292 3103 1379 3150 tV,
1408 3111 1453 3141 ut
1480 3104 1578 3142 St2
1602 3112 1645 3153 Χ
1671 3109 1874 3149 SBadS
1899 3114 1985 3151 R3.
2050 3116 2184 3160 Quare

1132 3152 1172 3191 E
1193 3166 1215 3192 e
1234 3161 1291 3192 est
1309 3156 1359 3193 ad
1378 3164 1395 3195 t
1416 3157 1466 3202 V,
1496 3157 1539 3195 in
1566 3160 1716 3200 ratione
1736 3166 1950 3213 composita
1969 3179 2016 3204 ex
2036 3169 2185 3209 ratione

1133 3207 1161 3245 S
1183 3208 1222 3245 R
1241 3208 1291 3245 ad
1313 3209 1349 3246 B
1373 3210 1412 3256 S,
1433 3217 1472 3249 et
1488 3211 1637 3250 ratione
1668 3215 1695 3253 S
1715 3223 1731 3254 t
1749 3218 1768 3240 ²
1791 3223 1834 3264 Χ
1862 3219 1888 3256 S
1911 3221 1947 3258 B
1968 3220 2015 3258 ad
2036 3224 2183 3261 cubum

1129 3267 1243 3299 rectae
1265 3262 1292 3299 S
1315 3262 1376 3310 B;
1405 3263 1503 3301 ratio
1521 3273 1654 3304 autem
1672 3281 1759 3318 quae
1780 3283 1828 3308 ex
1848 3272 1930 3310 istis
1949 3274 2048 3312 binis
2075 3288 2184 3314 com-

1130 3313 1291 3362 ponitur
1308 3315 1443 3354 eadem
1463 3325 1520 3356 est
1542 3330 1633 3357 curn
1652 3322 1801 3362 ratione
1831 3325 1858 3363 S
1877 3334 1893 3364 t
1912 3328 1932 3350 ²
1960 3327 2011 3364 ad
2031 3328 2058 3366 S
2088 3330 2129 3367 R
2147 3333 2181 3377 ²,

1128 3367 1220 3404 hinc
1243 3368 1521 3409 ReestadB
1544 3371 1596 3418 E,
1617 3377 2012 3418 utst2adSB2.
2076 3382 2183 3427 Quia

1129 3419 1219 3459 vero
1238 3427 1255 3458 t
1275 3420 1315 3460 V
1332 3430 1391 3461 est
1414 3424 1576 3475 aequalis
1594 3430 1889 3478 quamproxime
1907 3433 2093 3483 quadrato
2120 3450 2180 3474 ar-

1128 3473 1198 3511 cus
1218 3474 1255 3512 T
1272 3480 1289 3512 t
1305 3488 1375 3524 per
1392 3475 1624 3516 diametrum
1643 3484 1745 3520 orbis
1762 3485 1895 3535 magni
1921 3486 2044 3525 diviso
2064 3490 2175 3540 (182.

1131 3526 1221 3566 Lib.
1247 3527 1307 3577 I.)
1338 3528 1410 3567 erit
1439 3538 1545 3568 recta
1576 3540 1593 3569 t
1613 3533 1664 3580 V,
1689 3538 1984 3586 quamproxime
2012 3542 2179 3590 spatium

1126 3592 1197 3629 per
1214 3581 1320 3631 quod
1341 3582 1462 3621 Terra
1480 3595 1503 3620 e
1521 3584 1648 3635 quiete
1666 3587 1831 3628 demissa
1850 3586 1887 3628 v'i
1915 3605 1996 3630 suae
2013 3597 2178 3645 gravita-

1127 3633 1176 3670 tis
1203 3633 1356 3672 caderet
1381 3647 1514 3673 versus
1547 3637 1704 3686 Solem,'
1721 3643 1817 3681 dum
1847 3646 2042 3684 semissem
2068 3649 2178 3689 arcfis

1129 3685 1167 3724 T
1180 3694 1209 3733 t,
1220 3686 1422 3733 describet,
1437 3689 1469 3727 si
1480 3687 1618 3728 eadem
1633 3694 1778 3745 ubique
1792 3698 1977 3747 gravitate
1990 3702 2177 3742 accelera.

1125 3739 1219 3778 trice
1237 3741 1484 3780 uniformiter
1502 3745 1729 3788 continuata
1746 3762 1950 3800 urgeretur
1963 3754 2041 3804 quii
2059 3768 2177 3808 urge-

79 3770 135 3824 (¹)
150 3773 171 3799 '¹¹
188 3773 246 3813 Et
263 3783 379 3815 erunt
393 3777 433 3815 A
449 3785 485 3817 et
507 3779 541 3819 C
553 3781 635 3822 loca
654 3791 820 3825 cometae.
873 3787 1074 3834 Quoniam
1124 3800 1188 3830 tur
1207 3792 1248 3830 in
1265 3793 1352 3833 loco
1369 3801 1397 3841 t,
1420 3797 1529 3848 (202.
1555 3797 1645 3838 Lib.
1670 3801 1731 3852 Ι.)
1789 3803 1985 3844 Praeterea
2010 3810 2178 3858 gravitas

28 3824 94 3875 (ex
124 3825 239 3877 hyp.)
276 3829 312 3866 B
349 3837 407 3867 est
442 3832 648 3885 vestigium
677 3845 839 3877 cometae
875 3841 918 3879 in
953 3843 1072 3892 plano
1123 3846 1367 3886 acceleratrix
1388 3861 1520 3887 versus
1541 3851 1671 3891 Solem
1688 3855 1731 3893 in
1749 3856 1835 3895 loco
1853 3866 1881 3903 t,
1905 3868 1962 3898 est
1979 3862 2029 3900 ad
2047 3865 2177 3912 gravi-

26 3877 222 3928 eclipticae,
243 3890 281 3920 et
309 3882 345 3921 B
370 3884 409 3922 R.
435 3884 485 3923 ad
503 3887 666 3935 planum
684 3891 869 3942 eclipticae
887 3897 1071 3937 normali·
1125 3905 1245 3939 tatem
1271 3901 1577 3946 acceleratricem
1605 3919 1736 3948 versus
1755 3911 1923 3951 eundem
1942 3913 1984 3954 in
2010 3916 2097 3957 loco
2119 3918 2173 3966 Ru
