2540 4296
256 287 361 333 154·

762 279 1334 335 PHILOSOPHIAE
1373 283 1830 360 NATURALIS
1891 285 2010 350 [DE
2029 286 2234 338 MUND.
2256 286 2410 338 SYs'r.

253 423 475 494 ideoque
512 425 612 493 ipsi
653 424 718 476 M
746 423 801 476 N
837 424 1051 496 aequalis
1085 424 1255 490 fuerit,
1293 426 1337 478 si
1370 425 1530 479 modo
1566 426 1613 481 B
1652 427 1718 480 sit
1749 446 1901 481 verus
1927 437 2142 481 cometae
2176 430 2321 483 locus
2358 427 2413 480 in

253 513 413 582 plano
439 513 707 582 eclipticae.

331 605 595 656 Caeterum
632 613 829 672 puncta
867 603 932 666 B,
970 604 1023 668 b,
1061 605 1098 666 β
1133 622 1241 656 non
1279 605 1539 675 quaelibet,
1580 607 1671 660 sed
1703 627 1827 661 vero
1851 608 2092 677 proxima
2130 610 2194 679 (5)
2222 609 2412 679 eligere
2471 590 2481 644 ³⁸

587 691 644 744 Si
678 691 898 762 angulus
938 691 990 743 A
1019 691 1072 755 Q
1097 702 1134 757 t,
1170 693 1225 744 in
1260 712 1365 764 quo
1398 694 1672 766 vestigium
1710 697 1850 748 orbis
1881 697 1936 747 in
1968 697 2127 766 plano
2161 697 2411 765 eclipticae

251 692 507 744 convenit.

251 784 570 852 descriptum
609 794 748 836 secat
784 794 979 837 rectam
1016 796 1039 839 t
1078 786 1141 850 B,
1182 796 1375 856 praeter
1412 797 1627 856 propter
1664 787 1980 851 innotescat3
2019 788 2073 838 in
2107 788 2297 859 angulo
2323 787 2409 838 illo

251 873 491 925 ducenda
516 873 615 925 erit
638 885 782 926 recta
807 876 1012 929 occulta
1049 876 1101 928 A
1132 876 1193 940 C,
1233 895 1351 946 quae
1378 876 1444 928 sit
1468 876 1535 927 ad
1560 878 1593 943 {3-
1621 877 1672 929 Τ
1698 898 1724 926 τ
1747 876 1802 928 in
1829 876 2188 947 subduplicatfi
2215 877 2411 951 ratione

255 962 600 1025 SQadSt.

247 1133 513 1179 quotcumque
544 1130 576 1169 C
599 1130 657 1174 M,
687 1137 832 1169 rectam
855 1131 896 1176 Q
916 1131 952 1169 B
981 1137 1152 1169 secantes
1177 1130 1219 1168 in
1247 1130 1299 1176 E,

248 1189 292 1218 ut
311 1194 462 1230 semper
488 1183 538 1220 sit
566 1184 604 1222 E
628 1184 676 1223 M
705 1184 863 1234 aequalis
894 1192 1008 1223 rectae
1040 1185 1141 1222 datae
1177 1186 1214 1222 A
1235 1185 1295 1236 H,

247 1247 365 1272 curva
395 1236 437 1272 in
465 1235 544 1286 qua
571 1245 662 1274 sunt
688 1245 836 1285 puncta
870 1239 930 1284 M,
966 1241 1015 1280 A,
1041 1237 1181 1276 dicitur
1206 1250 1298 1276 con-

247 1288 365 1326 chois.
423 1289 518 1329 Jam
549 1288 640 1329 vero
671 1291 771 1329 inter
801 1291 922 1330 latera
949 1291 1086 1343 anguli
1120 1293 1158 1330 G
1182 1293 1224 1337 Q
1247 1292 1296 1337 B,

246 2367 388 2407 ducere
415 2377 591 2420 oporteat
618 2376 764 2411 rectam
797 2369 835 2408 G
856 2367 913 2414 K,
933 2380 1021 2419 quae
1040 2373 1208 2405 transeat
1237 2378 1304 2415 per

247 2429 440 2469 punctum
473 2423 608 2461 datum
646 2425 691 2468 C,
727 2431 766 2462 et
794 2422 952 2473 aequalis
983 2422 1033 2459 sit
1059 2428 1175 2459 rectae
1203 2420 1304 2457 datae

252 2476 285 2513 C
309 2475 361 2520 K,
383 2484 532 2525 puncto
555 2477 587 2515 C
609 2485 792 2527 tanquam
813 2475 905 2525 polo
923 2482 963 2512 et
989 2473 1195 2512 intervallo
1213 2473 1305 2510 dato
1328 2499 1331 2502 ,

250 2530 287 2567 A
313 2528 356 2566 H
375 2546 432 2566 =
457 2531 489 2569 C
510 2530 552 2569 K
571 2530 808 2568 describatur
827 2527 1006 2568 conchois
1024 2541 1113 2578 quae
1131 2532 1306 2565 occurrat

247 2592 362 2622 rectae
383 2584 415 2622 C
436 2584 487 2630 G,
508 2584 549 2621 in
574 2584 611 2622 G
631 2591 737 2632 patet
754 2583 837 2637 fore
858 2582 902 2620 K
920 2582 959 2619 G
979 2580 1170 2632 aequalem
1188 2586 1305 2618 rectae

247 2636 348 2674 datae
372 2637 404 2674 C
428 2637 482 2675 K.
540 2637 592 2682 Q.
616 2650 650 2675 e.
673 2637 701 2675 f.

302 2688 360 2742 (y)
383 2692 404 2713 ⁹¹⁵
428 2692 581 2740 Eligere
599 2693 787 2730 convenit.
844 2689 886 2728 Si
909 2695 1049 2739 praeter
1069 2694 1227 2737 propter
1245 2685 1305 2723 in-

249 2751 421 2782 notescat
447 2744 618 2795 angulus
644 2757 762 2795 quem
790 2743 997 2794 vestigium
1019 2742 1154 2779 orbitae
1175 2752 1304 2778 come-

247 2798 333 2835 ticae
366 2797 539 2836 continet
563 2810 654 2837 cum
680 2796 786 2836 recta
808 2797 970 2836 Terram
990 2803 1029 2833 et
1047 2801 1239 2833 cometam
1263 2793 1306 2830 in

246 2850 510 2889 observatione
546 2848 718 2889 secunda
763 2851 1041 2901 conjungente,
1088 2847 1167 2885 sive
1212 2847 1305 2884 huic

249 2903 408 2955 aequalis
442 2904 612 2955 angulus
652 2906 690 2942 A
721 2905 764 2950 Q
788 2912 804 2942 t
843 2904 978 2955 (Lem.
1009 2901 1086 2941 IV.
1116 2900 1165 2938 de
1192 2899 1304 2949 con.)

247 2970 364 3008 quem
392 2958 535 2996 chorda
565 2959 605 2996 A
627 2958 660 2996 C
688 2958 861 2997 continet
887 2968 980 2995 cum
1007 2952 1113 2993 recta
1139 2960 1156 2992 t
1185 2954 1234 2998 B,
1264 2952 1307 2990 id

247 3010 352 3061 quod
371 3012 540 3058 praestari
568 3012 708 3061 poterit
726 3024 794 3061 per
812 3022 924 3049 num·
951 3013 1039 3048 133.
1060 3015 1156 3046 tunc
1180 3018 1305 3056 punc-

249 3073 332 3102 tum
357 3064 405 3109 B,
435 3063 562 3114 primo
580 3065 859 3104 assumendum
885 3065 961 3101 hoc
985 3061 1104 3100 modo
1122 3059 1304 3098 determi-

248 3117 414 3156 nabitur.
477 3119 659 3157 Ducatur
685 3126 789 3157 recta
824 3118 863 3156 A
893 3117 939 3163 C,
970 3115 1084 3154 rectis
1115 3113 1306 3164 positione

247 3172 348 3212 datis
370 3173 406 3210 T
428 3172 481 3219 A,
505 3172 542 3210 T
565 3172 598 3210 C
617 3172 803 3223 utrinque
822 3171 1110 3219 comprehensa,
1139 3174 1303 3205 rectam-

246 3238 323 3276 que
342 3233 357 3263 t
381 3227 429 3268 B,
452 3225 643 3275 positione
662 3225 806 3271 datam,
827 3225 869 3261 in
889 3223 1037 3274 angulo
1056 3221 1196 3272 aequali
1215 3220 1307 3258 dato

245 3280 289 3317 in
326 3280 368 3325 Q
397 3280 631 3317 intersecans
657 3292 746 3330 quae
774 3280 824 3316 sit
850 3277 900 3316 ad
931 3279 983 3328 4!
1009 3281 1033 3314 2
1058 3281 1101 3325 Χ
1128 3275 1165 3314 Τ
1184 3281 1212 3320 t,
1233 3275 1306 3312 hoc

245 3357 316 3396 est,
338 3347 514 3398 proxime
534 3347 584 3385 ad
612 3332 646 3397 {r
671 3344 712 3382 -T
741 3351 769 3387 t,
799 3343 840 3380 in
866 3338 1139 3390 subduplicatfi
1158 3337 1308 3377 ratione

250 3404 277 3442 S
297 3411 314 3441 t
331 3403 380 3441 ad
403 3403 429 3441 S
454 3403 506 3447 Q,
527 3409 566 3439 et
585 3405 725 3451 agatur
743 3409 811 3446 per
834 3397 872 3442 S,
893 3403 999 3433 recta
1030 3395 1058 3433 S
1079 3394 1117 3432 E
1141 3393 1192 3440 B,
1220 3392 1308 3430 talis
1336 3406 1338 3409 ’

246 3465 293 3495 ut
312 3470 398 3506 pars
422 3457 457 3495 E
475 3457 509 3493 B
526 3468 549 3493 a
567 3453 744 3492 cruribus
762 3450 898 3500 anguli
919 3449 957 3486 A
975 3449 1018 3494 Q
1031 3449 1065 3488 B
1081 3447 1304 3495 intercepta,

248 3511 407 3561 aequalis
435 3509 484 3547 sit
510 3516 625 3546 rectae
652 3514 669 3544 t
689 3505 729 3542 V
759 3507 870 3554 (144.
899 3504 1011 3552 145.)
1032 3507 1224 3551 punctum
1255 3499 1304 3543 B,

247 3563 305 3601 ita
335 3564 555 3607 definitum,
590 3569 648 3598 est
678 3557 778 3596 illud
810 3558 939 3606 ipsum
969 3555 1075 3606 quod
1103 3551 1307 3592 commode

249 3617 374 3666 prima
394 3617 477 3654 vice
497 3613 675 3663 usurpari
704 3611 847 3661 poterit
874 3622 944 3659 pro
964 3608 1127 3660 vestigio
1146 3614 1307 3667 cometae

246 3671 289 3707 in
310 3670 427 3718 plano
446 3669 645 3717 eclipticae·
707 3665 886 3703 Ponatur
918 3664 967 3707 Β,
998 3675 1078 3700 esse
1098 3661 1307 3710 vestigium

249 3731 411 3761 cornetae
431 3724 471 3760 in
491 3722 609 3771 plano
628 3718 817 3768 eclipticae
835 3725 874 3755 ct
891 3728 1026 3755 arcum
1045 3714 1307 3764 parabolicum

249 3789 318 3825 per
340 3778 393 3823 A,
418 3778 464 3822 C,
500 3776 536 3814 B
565 3779 833 3813 transeuntem
860 3783 943 3808 esse
970 3769 1177 3819 vestigium
1196 3766 1308 3805 arcus

247 3829 478 3881 trajectoriae
506 3828 607 3866 inter
633 3825 940 3865 observationem
972 3822 1137 3870 primam
1165 3828 1205 3859 et
1231 3827 1307 3856 ter-

250 3883 348 3922 tiam
376 3881 569 3932 descripti.
607 3930 611 3932 ἡ
647 3879 741 3920 Jam
772 3875 863 3918 vero
893 3873 1171 3933 inmhypothesi
1202 3871 1309 3926 quod

679 964 750 1016 Et
787 965 993 1036 agendo
1030 966 1293 1019 rectamS
1320 965 1368 1017 E
1398 965 1462 1029 B,
1491 966 1636 1036 cujus
1661 984 1783 1035 pars
1822 966 1870 1018 E
1900 966 1946 1018 B
1972 975 2206 1038 aequetur
2242 965 2412 1036 longi-

1353 1129 1522 1181 gravitas
1549 1128 1795 1168 accelerati-ix
1823 1128 1957 1168 versus
1990 1130 2119 1169 Solem
2138 1129 2273 1168 eadem
2294 1130 2341 1168 sit
2369 1129 2409 1166 in
2454 1142 2457 1143 ⁷

1353 1182 1535 1221 distantia
1582 1183 1753 1221 Telluris
1788 1196 1812 1221 a
1852 1183 1952 1229 Sole,
1999 1183 2116 1235 atque
2152 1184 2193 1220 in
2230 1183 2409 1221 dist-antia

1353 1244 1515 1273 cometae
1534 1238 1582 1275 ab
1602 1237 1749 1281 eodem,
1765 1249 1853 1287 quae
1873 1245 1930 1274 est
1947 1236 2170 1288 hypothesis
2189 1237 2343 1275 Galilaei
2360 1236 2408 1273 de

1352 1290 1551 1342 gravitate,
1571 1303 1604 1343 „a
1631 1288 1722 1329 vera
1748 1302 1828 1329 non
1852 1290 2024 1329 multum
2049 1289 2206 1338 distans,
2237 1289 2408 1340 aequales

1361 2978 1477 3010 erunt
1508 2971 1543 3009 B
1567 2971 1618 3016 E,
1648 2977 1666 3009 t
1686 2971 1737 3018 V,
1767 2970 1904 3020 utpote
1930 2970 2054 3020 spatia
2078 2970 2253 3010 cadendo
2279 2971 2414 3011 versus

1366 3025 1497 3063 Solem
1526 3024 1663 3062 eodem
1691 3032 1864 3073 tempore
1897 3037 2076 3073 percursa
2100 3037 2122 3061 a
2150 3023 2302 3063 cometa
2329 3033 2369 3064 et
2391 3039 2416 3064 a

1365 3077 1538 3123 Tellure,
1558 3090 1603 3115 ac
1623 3077 1784 3126 proinde
1803 3079 1876 3116 erit
1893 3079 1930 3115 A
1951 3078 1982 3117 C
2002 3078 2145 3116 chorda
2163 3078 2354 3127 parabolae
2365 3078 2415 3117 ad
2442 3098 2445 3101 *
2503 3071 2511 3131 J

1364 3132 1419 3182 M
1445 3135 1468 3168 2
1487 3136 1528 3178 ><
1552 3131 1587 3169 Τ
1606 3138 1622 3168 t
1640 3130 1824 3169 chordam
1843 3131 1978 3169 circuli
1996 3131 2108 3182 cujus
2126 3139 2303 3169 centrum
2322 3144 2415 3170 cum

1362 3184 1551 3223 umbilico
1577 3184 1770 3233 parabolae
1797 3184 1980 3223 coincidit
1998 3184 2039 3221 in
2058 3183 2328 3233 subduplicata
2355 3197 2415 3223 ra-

1362 3239 1469 3276 tione
1487 3244 1603 3282 rectae
1625 3237 1651 3276 S
1669 3245 1699 3284 t,
1719 3237 1769 3276 ad
1786 3245 1930 3276 rectam
1962 3238 1988 3275 S
2010 3237 2060 3284 E,
2094 3237 2206 3290 (Cor·
2230 3241 2265 3276 7.
2292 3238 2412 3287 Prop-

1366 3291 1492 3329 XVI.
1536 3291 1625 3329 Lib.
1670 3291 1729 3340 1.)
1807 3290 1883 3329 Sed
1919 3298 2073 3339 sumpta
2110 3298 2167 3329 est
2206 3291 2243 3328 A
2286 3292 2319 3330 C
2366 3290 2416 3329 ad

1366 3346 1421 3396 ,χΙ
1445 3349 1469 3382 2
1492 3349 1534 3391 ><
1561 3344 1598 3382 Τ
1617 3351 1632 3382 t
1650 3344 1691 3381 in
1713 3342 1983 3393 subduplicata
2000 3344 2148 3382 ratione
2169 3344 2196 3382 S
2210 3350 2227 3381 t
2244 3343 2294 3382 ad
2317 3345 2343 3382 S
2362 3344 2414 3390 Q,

1364 3405 1404 3436 et
1427 3399 1465 3436 A
1490 3398 1523 3436 C
1542 3405 1645 3436 secat
1663 3405 1806 3435 rectam
1825 3404 1842 3434 t
1863 3398 1899 3435 B
1918 3397 1960 3434 in
1979 3397 2126 3447 angulo
2148 3399 2184 3435 A
2210 3398 2252 3441 Q
2268 3405 2293 3442 t,
2315 3397 2416 3436 sicut

1364 3452 1577 3500 oportebat,
1598 3460 1714 3501 atque
1736 3452 1771 3489 B
1789 3451 1826 3489 E
1847 3449 2005 3501 aequalis
2023 3458 2080 3488 est
2097 3450 2168 3499 ipsi
2187 3458 2203 3488 t
2220 3451 2277 3497 V;
2299 3449 2417 3501 quare

1364 3512 1469 3543 recta
1490 3505 1529 3542 A
1545 3505 1578 3543 C
1598 3504 1746 3542 obtinet
1763 3502 2056 3554 quamproxime
2075 3516 2209 3541 omnes
2227 3504 2416 3542 conditio-

1365 3571 1436 3597 nes
1449 3557 1650 3608 requisitas
1663 3565 1710 3595 ut
1720 3558 1768 3596 sit
1781 3557 1923 3595 chorda
1936 3556 2046 3595 arcfis
2059 3556 2125 3608 qui
2141 3565 2198 3595 est
2211 3556 2417 3608 vestigium

1365 3612 1593 3662 trajectoriae
1611 3611 1808 3649 cometicae
1826 3610 1926 3648 inter
1945 3610 2231 3662 longitudinem
2249 3610 2416 3659 primam

1370 3665 1407 3703 T
1429 3666 1481 3711 A,
1502 3672 1541 3703 et
1558 3664 1710 3702 tertiam
1729 3664 1960 3712 interceptae,
1981 3676 2026 3702 ac
2044 3662 2207 3713 proinde
2226 3671 2417 3712 punctum

1369 3718 1421 3764 B,
1442 3720 1558 3756 habet
1585 3729 1721 3755 omnes
1748 3716 1989 3755 conditiones
2009 3725 2056 3755 ut
2074 3718 2122 3754 sit
2140 3715 2315 3765 proxime
2333 3729 2417 3754 ves-

1367 3772 1510 3823 tigium
1529 3779 1690 3809 cometae
1708 3772 1751 3809 in
1769 3770 2032 3809 observatione
2051 3767 2233 3807 secunda·
2294 3768 2418 3808 Recte

1367 3824 1490 3876 igitur
1534 3823 1832 3863 determinatum
1877 3831 1935 3862 est
1977 3829 2169 3874 punctum
2215 3823 2266 3872 B,
2312 3821 2417 3874 quod

1368 3876 1495 3929 prima
1511 3876 1595 3918 vice
1612 3889 1799 3928 usurpare
1815 3875 1916 3916 licet.

2478 0 2540 231 >l
