2540 4296
315 321 381 368 82

671 533 1148 589 PROPOSITIO
1187 536 1415 589 XXXI.

782 316 1349 370 PHILOSOPHIAE
1389 317 1844 373 NATURALIS
1914 321 2037 386 [DE
2066 320 2270 375 Mum).
2302 324 2448 380 SYsr‚

1494 537 1929 592 PROBLEMA
1971 539 2107 593 XII.

450 740 455 746 ὁ
510 680 747 733 Invenire
770 688 949 732 motum
971 681 1229 733 horarium
1255 683 1493 733 nodorum
1518 682 1685 734 Lunae
1711 685 1765 735 in
1792 684 1907 735 orbe
1931 686 2168 753 ellgptz'co.
2197 687 2257 755 (Γ)

378 822 635 893 Designet
662 822 716 883 Q
740 840 777 891 p
802 840 856 872 m
872 841 902 874 a
922 841 956 892 q
982 821 1203 892 ellipsin,

307 932 405 965 axe
429 914 625 982 majore
669 912 723 974 Q
770 932 819 983 q,
855 914 1057 965 minore
1100 934 1131 965 a
1170 915 1206 965 b

306 1003 635 1072 descriptam,
666 1002 721 1065 Q
747 1004 798 1055 A
825 1022 860 1073 q
887 1000 933 1055 B
955 1003 1206 1055 circulum

306 1094 768 1164 circumscriptum,
810 1094 862 1145 T
901 1093 1123 1145 Terram
1147 1093 1205 1144 in

305 1185 573 1256 utriusque
614 1194 795 1236 centro
838 1184 1121 1247 communi,
1168 1184 1205 1235 S

309 1276 501 1340 Solem,
528 1295 564 1345 p
592 1276 801 1328 Lunam
824 1275 879 1326 in
904 1274 1067 1343 ellipsi
1094 1292 1206 1325 mo-

304 1377 426 1431 tam,
457 1377 508 1419 et
543 1386 578 1437 p
617 1386 672 1418 m
696 1384 874 1418 arcum
900 1382 1055 1435 quem
1080 1363 1202 1416 data

304 1458 551 1527 temporis
582 1455 834 1527 particula
862 1474 1013 1526 quam
1054 1455 1204 1505 mini-

302 1549 387 1601 ma
405 1549 666 1612 describit,
687 1548 741 1600 N
760 1560 811 1599 et
827 1565 862 1597 n
877 1534 1044 1598 nodos
1068 1544 1206 1597 line&

304 1641 360 1692 N
382 1658 419 1691 n
446 1641 672 1709 junctOS,
712 1656 749 1707 p
778 1637 832 1690 K
858 1646 910 1689 et
934 1655 989 1688 m
1011 1636 1050 1688 k
1084 1654 1205 1705 per-

299 1730 579 1801 pendicula
603 1730 658 1780 in
678 1747 831 1780 axem
853 1728 906 1789 Q
927 1747 962 1797 q
980 1725 1205 1778 demissa
1287 1746 1322 1789 s

302 1832 353 1873 et
395 1820 520 1872 hinc
561 1819 683 1870 inde
718 1817 992 1888 producta,
1037 1816 1206 1868 donec

301 1919 578 1964 occurrant
597 1908 791 1962 circulo
809 1908 864 1959 in
893 1907 938 1959 P
964 1917 1016 1958 et
1042 1906 1122 1970 M,
1152 1916 1205 1959 et

298 2001 451 2053 lineae
469 1999 730 2051 nodorum
748 1997 802 2048 in
818 1997 874 2050 D
891 2005 943 2048 et
958 1996 1009 2048 d.
1051 1997 1107 2066 (⁵)
1132 1996 1204 2048 Et

301 2092 344 2143 si
370 2091 541 2154 Luna,
561 2087 709 2141 radio
735 2088 803 2140 ad
829 2088 1052 2142 Terram
1072 2087 1200 2140 duc-

299 2191 370 2246 to,
424 2198 599 2232 aream
660 2178 921 2231 describat
981 2177 1206 2245 tempori

1978 917 2013 941 1-
2347 876 2435 935 ss*

1973 1002 2011 1040 R
2240 967 2262 994 ⁰
2294 1054 2299 1058 f
2345 976 2390 1044 ἓ

2130 1109 2222 1174 β’

1962 1186 2060 1251 x·

1734 1251 2014 1425 ..s
2031 1345 2161 1385 Χ
2189 1309 2243 1391 §⁴

1669 1428 1892 1478 :21³0
1923 1464 2120 1512 „mk
2142 1465 2170 1495 a

1601 1671 1764 1766 ΔἾῈ
2031 1725 2078 1757 Τ
2176 1663 2350 1716 ψῖ)
2375 1691 2423 1726 Β

1967 1855 2004 1891 z

1842 2052 1882 2080 Ὤ.
1997 2081 2042 2124 cI

297 2267 759 2341 proportionalem,
806 2267 905 2318 erit
928 2275 1101 2317 motus
1126 2264 1365 2318 horarius
1409 2266 1535 2318 nodi
1572 2266 1625 2318 in
1664 2266 1831 2336 ellipsi
1856 2277 1914 2320 ut
1940 2286 2059 2319 area
2096 2285 2133 2337 p
2159 2268 2215 2321 D
2242 2266 2277 2320 d
2304 2252 2385 2320 m<
2402 2281 2452 2322 et

300 2364 352 2415 A
381 2362 423 2414 Z
450 2382 485 2433 q
509 2359 842 2430 conjunctim.

354 2490 408 2542 (¹)
431 2491 452 2514 ²*
468 2492 523 2529 In
540 2490 624 2527 orbe
642 2488 814 2537 elliptim,
834 2485 904 2524 illo
917 2497 1059 2534 nempe
1073 2485 1166 2522 orbe
1177 2483 1217 2521 in
1229 2495 1346 2534 quem

297 2543 427 2595 figura
446 2542 642 2581 circularis
661 2542 794 2579 orbitae
820 2539 968 2578 lunaris
994 2546 1169 2576 mutatur
1188 2550 1255 2586 per
1281 2549 1346 2575 ac-

296 2598 446 2635 tionem
469 2596 580 2642 Solis,
615 2595 760 2647 quique
791 2605 904 2631 axem
933 2594 1048 2634 habet
1079 2592 1267 2642 majorem
1299 2589 1349 2628 ad

297 2664 411 2689 axem
430 2650 624 2687 minorem
653 2649 694 2685 in
714 2647 862 2686 ratione
882 2650 944 2686 70.
962 2645 1014 2684 ad
1033 2651 1101 2685 69.
1131 2658 1201 2695 per
1224 2645 1343 2693 Prop.

299 2706 430 2743 XXV
438 2705 458 2742 Ι
465 2704 525 2743 ΙΙ.
550 2704 725 2754 hujusce.

352 2786 404 2838 (⁸)
437 2789 458 2811 ¹*
481 2788 537 2824 Et
556 2787 587 2824 si
607 2785 727 2823 Luna
745 2785 851 2822 radio
879 2785 932 2820 ad
956 2784 1115 2821 Terram
1135 2783 1249 2819 ducto
1275 2783 1341 2818 de-

295 2842 432 2879 scribat
443 2853 572 2877 aream
584 2839 740 2887 tempori
747 2837 1077 2887 proportionalem,
1091 2835 1162 2871 &c.
1197 2834 1342 2882 Liquet

297 2905 344 2930 ex
380 2893 497 2942 Prop.
542 2890 767 2929 XXVIII.
837 2889 999 2927 Lunam
1039 2890 1137 2924 hanc
1175 2885 1342 2934 ellipsim

296 2946 346 2984 de
375 2946 452 2996 qua
483 2945 612 2996 agitur
643 2944 697 2981 ita
728 2955 809 2980 non
828 2942 1041 2980 describere
1069 2948 1116 2977 ut
1147 2952 1244 2977 areae
1263 2939 1340 2977 sint

296 3000 534 3048 temporibus
562 2996 877 3047 proportionales,
913 2995 980 3032 sed
1007 2996 1091 3031 haec
1117 2993 1340 3042 hypothesis

295 3053 346 3091 ad
364 3053 594 3090 solutionem
607 3052 726 3102 hujus
741 3047 996 3089 Problematis
1014 3048 1085 3085 erit
1103 3046 1314 3084 necessaria
1324 3061 1337 3093 ;

296 3113 342 3144 ut
359 3106 503 3144 scilicet
527 3106 643 3143 Luna
661 3103 778 3153 possit
796 3102 893 3152 fingi
920 3101 1061 3138 versari
1080 3100 1121 3136 in
1140 3107 1286 3148 puncto
1313 3112 1339 3148 p

295 3159 483 3197 ordinatae
517 3159 552 3197 P
575 3158 616 3196 K
647 3156 784 3195 eodem
802 3163 974 3204 tempore
1003 3167 1080 3204 quo
1099 3153 1131 3190 si
1149 3153 1340 3191 circulum

296 3213 525 3251 describeret
551 3212 592 3249 in
619 3210 703 3262 ejus
722 3209 963 3248 extremitate
999 3208 1033 3245 P
1063 3213 1210 3245 versata
1228 3213 1339 3248 esset,

295 3266 400 3316 quod
431 3273 526 3304 tunc
545 3272 699 3303 tantum
718 3264 908 3301 obtineret
939 3261 970 3299 si
998 3261 1082 3298 haec
1114 3260 1259 3309 ellipsis
1287 3260 1341 3297 ita

295 3320 531 3359 describatur
557 3326 602 3357 ut
628 3330 726 3362 areae
745 3317 821 3354 sint
838 3314 1139 3365 proportionales
1157 3313 1340 3362 tempori-

295 3375 394 3421 bus;
425 3381 565 3411 notum
596 3366 702 3409 enim
730 3377 787 3409 est
816 3382 922 3407 areas
955 3368 1142 3416 ellipticas
1176 3368 1212 3405 T
1242 3380 1267 3415 p
1301 3367 1343 3411 Q

293 3426 597 3475 proportionales
615 3424 698 3462 fore
729 3423 826 3462 areis
847 3424 884 3461 T
907 3423 941 3460 P
963 3422 1015 3468 Q,
1049 3433 1155 3459 areas
1184 3421 1221 3459 T
1243 3421 1279 3458 P
1301 3421 1341 3465 Q

293 3479 596 3529 proportionales
625 3490 707 3516 esse
738 3479 906 3515 arcubus
945 3475 980 3514 P
1016 3475 1066 3520 Q,
1106 3486 1218 3512 arcus
1247 3472 1339 3512 vero

296 3533 333 3572 P
353 3535 395 3578 Q
410 3532 711 3582 proportionales
728 3530 975 3579 temporibus,
997 3528 1029 3566 si
1047 3527 1206 3579 quidem
1226 3528 1340 3566 Luna

294 3587 390 3624 citra
412 3587 510 3625 Solis
528 3585 722 3625 actionem
748 3585 791 3623 in
817 3582 964 3622 circulo
981 3581 1072 3630 lata,
1092 3581 1339 3620 uniformiter

293 3649 525 3679 moveretur.

349 3692 500 3730 Verum
517 3694 601 3730 haec
628 3692 725 3730 falsa
741 3690 964 3741 hypothesis
982 3688 1188 3739 corrigitur
1218 3688 1260 3726 in
1291 3684 1339 3725 ea

293 3745 497 3784 solutionis
514 3746 633 3796 hujus
651 3745 906 3784 problematis
923 3751 1030 3794 parte
1047 3755 1135 3793 quae
1153 3749 1239 3791 post
1261 3741 1341 3780 Co-

292 3798 492 3837 rollarium
510 3798 699 3850 adjicitur.

348 3868 403 3922 (¹)
439 3873 460 3891 *‘
485 3869 720 3910 Conveniam
738 3875 871 3908 autem
898 3870 957 3906 11ae
983 3873 1180 3917 tangentes
1207 3867 1248 3906 in
1274 3877 1341 3904 axe

1007 3939 1012 3959 l

1405 2485 1444 2522 T
1464 2486 1496 2526 Q
1514 2485 1566 2521 ad
1591 2484 1635 2521 Y.
1696 2482 1840 2532 Liquet
1868 2495 1912 2521 ex
1942 2489 2023 2521 not.
2046 2485 2136 2522 257.
2160 2482 2247 2521 Lib.
2276 2483 2310 2521 Ι.
2343 2483 2451 2534 quod

1400 2536 1432 2573 si
1466 2537 1555 2574 duae
1585 2548 1712 2573 curvae
1732 2548 1982 2573 communem
2012 2549 2124 2574 axem
2143 2537 2339 2583 habentes,
2370 2537 2448 2574 sint

1402 2589 1499 2628 tales
1532 2597 1578 2627 ut
1603 2589 1775 2638 ipsarum
1794 2589 1980 2627 ordinatae
1999 2589 2129 2627 datam
2156 2589 2256 2627 inter
2274 2603 2314 2627 se
2332 2588 2448 2627 ratio-

1402 2655 1493 2680 nem
1513 2650 1675 2688 servent,
1711 2649 1749 2680 et
1767 2642 1808 2679 in
1828 2655 1983 2680 summo
2010 2643 2274 2681 ordinatarum
2302 2655 2446 2680 corres-

1400 2695 1658 2745 pondentium
1677 2696 1871 2733 ducantur
1888 2703 2099 2745 tangentes,
2134 2696 2212 2733 illae
2242 2704 2445 2747 tangentes

1398 2750 1442 2787 in
1474 2749 1610 2786 eodem
1629 2761 1743 2786 axeos
1775 2756 1919 2797 puncto
1938 2757 2199 2796 concurrunt3
2234 2762 2324 2787 nam
2352 2748 2445 2787 cum

1394 2802 1581 2840 ordinatae
1600 2802 1729 2839 datam
1756 2801 1945 2839 rationem
1970 2809 2120 2839 servent
2151 2806 2217 2855 (ex
2239 2802 2441 2852 Hypoth.)

1395 2862 1544 2905 oportet
1562 2863 1609 2892 ut
1623 2855 1805 2903 *ipsarum
1819 2854 2007 2892 fluxiones
2032 2856 2209 2893 eamdem
2223 2856 2338 2894 etiam
2365 2869 2442 2894 ser-

1395 2915 1485 2946 vent
1502 2908 1701 2954 rationem,
1737 2908 1790 2946 ita
1809 2916 1854 2945 ut
1871 2908 1968 2945 ratio
1987 2908 2168 2946 fluxionis
2187 2910 2373 2947 ordinatae
2392 2909 2444 2947 ad

1394 2961 1609 2999 ordinatam
1627 2962 1762 3009 ipsam,
1793 2961 1927 2999 eadem
1959 2962 2008 2999 sit
2039 2962 2081 2999 in
2111 2960 2274 3012 utraque
2306 2963 2435 3000 curva.

1396 3016 1471 3053 Est
1482 3013 1572 3052 vero
1585 3027 1736 3063 semper
1749 3014 1870 3052 fluxio
1888 3015 2074 3053 ordinatae
2093 3015 2144 3053 ad
2161 3016 2376 3053 ordinatam
2395 3022 2441 3054 ut

1394 3067 1515 3105 fluxio
1535 3068 1707 3106 abscissae
1736 3068 1786 3106 ad
1817 3070 2142 3119 subtangentem3
2172 3081 2266 3121 ergo
2295 3069 2337 3106 in
2366 3067 2440 3107 hac

1394 3120 1607 3171 hypothesi,
1628 3122 1726 3159 ratio
1744 3120 1925 3159 fluxionis
1943 3123 2117 3159 abscissae
2136 3122 2184 3159 ad
2203 3125 2440 3173 subtangen-

1394 3182 1474 3212 tem
1493 3181 1549 3212 est
1567 3174 1682 3212 etiam
1694 3175 1829 3212 eadem
1847 3175 1889 3211 in
1908 3173 2072 3226 utraque
2084 3173 2213 3222 curva,
2235 3175 2300 3213 sed
2317 3175 2439 3213 fluxio

1394 3229 1569 3265 abscissae
1586 3228 1669 3277 ipsa
1688 3236 1745 3266 est
1763 3228 1896 3265 eadem
1916 3241 1985 3277 pro
2003 3227 2168 3278 utrzique
2186 3228 2314 3273 curva,
2345 3241 2438 3279 ergo

1394 3281 1511 3319 etiam
1542 3283 1778 3332 subtangens
1804 3281 1940 3319 eadem
1971 3288 2039 3328 est,
2074 3282 2164 3320 hinc
2195 3283 2325 3332 itaque
2351 3289 2438 3319 tan-

1394 3343 1528 3386 gentes
1545 3334 1588 3372 in
1606 3334 1911 3372 extremitatibus
1929 3335 2191 3373 ordinatarum
2214 3348 2437 3383 correspon-

1394 3388 1572 3426 dentium
1589 3387 1707 3426 ducta
1724 3388 1766 3425 in
1784 3387 1920 3425 eodem
1940 3397 2086 3436 puncto
2107 3389 2437 3439 axemattingunt

1393 3441 1550 3491 quando
1560 3448 1761 3491 utriusque
1773 3453 1899 3479 curvae
1911 3441 2097 3480 ordinatae
2110 3442 2161 3480 ad
2175 3442 2310 3480 eadem
2321 3454 2436 3479 axeos

1393 3502 1538 3543 puncta
1548 3494 1794 3543 pertinentes,
1810 3502 2050 3532 constantem
2064 3496 2252 3533 ratIOnem
2267 3502 2434 3533 servant:

1392 3555 1532 3586 notum
1552 3555 1681 3585 autem
1701 3555 1768 3592 est,
1800 3559 1847 3585 ex
1875 3555 1954 3586 not.
1980 3553 2070 3587 247.
2098 3548 2185 3588 Lib.
2211 3548 2246 3585 I.
2281 3547 2384 3598 quod
2404 3547 2437 3584 si

1392 3600 1560 3639 circulus
1588 3600 1824 3639 describatur
1842 3614 1957 3650 super
1980 3615 2094 3639 axem
2112 3601 2298 3649 ellipseos‚
2333 3600 2436 3637 ordi-

1390 3663 1492 3692 natae
1510 3654 1644 3693 circuli
1663 3662 1701 3692 et
1719 3654 1895 3703 ellipseos
1923 3662 2037 3692 erunt
2054 3655 2151 3692 inter
2170 3666 2210 3691 se
2229 3654 2270 3690 in
2289 3654 2436 3691 ratione

1392 3705 1484 3745 data
1497 3720 1611 3746 axeos
1622 3708 1840 3745 communis
1854 3708 2000 3745 circulo
2018 3715 2055 3745 et
2069 3706 2192 3755 ellipsi
2208 3707 2254 3743 ad
2271 3706 2437 3744 alterum

1394 3773 1519 3808 axem,
1541 3761 1619 3798 sive
1638 3773 1719 3798 esse
1749 3761 1785 3799 P
1807 3761 1848 3799 K
1877 3761 1926 3799 ad
1952 3774 1979 3810 p
2001 3760 2043 3798 K
2070 3767 2116 3798 ut
2137 3760 2176 3798 A
2199 3760 2235 3797 T
2263 3759 2312 3797 ad
2340 3773 2362 3796 a
2383 3760 2434 3802 T,

1395 3814 1488 3852 hinc
1507 3826 1600 3865 ergo
1618 3821 1822 3865 tangentes
1840 3815 1880 3851 in
1900 3813 2054 3863 punctis
2075 3813 2110 3852 P
2129 3820 2167 3852 et
2183 3826 2209 3863 p
2229 3813 2356 3852 ductae
2375 3812 2438 3850 axi

1395 3875 1597 3908 occurrent
1614 3867 1655 3905 in
1673 3867 1811 3908 eodem
1828 3873 1974 3917 puncto
1995 3867 2044 3905 Y.
