2540 4296
0 1456 34 1536 ἓ

0 1537 31 1625 ἓ*

133 261 322 315 Lxmm
337 255 639 316 Tmt'rms]
674 240 1100 302 ‘PRINCIPIA
1140 226 1763 291 MATHEMATICA.

2188 229 2291 280 179

130 404 186 455 in
210 385 398 455 vicinia
429 397 564 450 Solis
590 404 643 446 et
660 394 812 462 juxta
836 402 1024 454 corpus
1050 383 1271 434 fumans,
1348 376 1436 428 Ex
1461 371 1780 443 obliquitatis
1806 377 1981 421 autem
2001 366 2295 418 diversitate

130 489 487 546 incurvabitur
524 484 731 557 vaporis
769 479 1043 533 columna:
1085 483 1136 525 et
1162 470 1285 541 quia
1319 483 1482 535 vapor
1519 465 1574 515 in
1613 462 1869 515 columnae
1906 457 2068 508 latere
2099 474 2294 525 praece-

188 621 276 657 166.
315 610 545 664 Longitudo
570 606 706 647 caudae
735 605 810 642 h‘oc
840 600 959 639 modo
990 603 1116 647 potest

131 669 310 711 inveniri.
373 668 430 705 Sit
462 666 488 703 S
516 663 592 705 Sol,
628 662 664 700 C,
687 663 838 697 cometa
862 655 973 705 cujus
992 650 1117 691 cauda

137 726 170 765 C
189 737 236 771 e;
264 735 312 761 ex
340 718 506 771 cognitis
527 715 627 754 Solis
644 720 682 751 et
701 718 861 749 cometae
890 707 984 745 locis
1001 712 1118 742 notus

133 778 207 817 erit
233 775 404 827 angulus
434 773 469 810 T
493 771 525 810 C
541 769 597 812 E,
631 763 798 814 dataque
832 765 918 813 (per
946 756 1116 805 observ.)

135 830 353 869 deviatione
382 824 517 864 caudae
552 836 576 859 a
615 819 714 858 Solis
745 815 931 866 opposito,
963 812 1119 850 dabitur

134 883 305 935 angulus
335 881 372 919 E
396 881 428 919 C
447 891 481 923 e,
503 888 548 914 ac
571 871 733 923 proinde
760 872 973 907 innotescet
992 877 1118 915 angu-

134 938 197 976 lus
236 937 273 974 T
297 936 328 974 C
348 947 382 979 e,
411 942 528 983 quem
560 927 705 965 scilicet
734 923 857 962 cauda
883 921 1001 959 efficit
1027 930 1118 956 cum

134 989 237 1028 recta
265 989 425 1027 Terram
456 990 494 1021 et
526 989 716 1019 cometam
745 978 948 1029 jungente.
1011 965 1119 1010 Prae-

136 1042 241 1082 terea
280 1043 366 1094 (per
401 1036 571 1084 observ.)
617 1031 823 1070 innotescit
865 1026 1034 1078 angulus
1070 1023 1121 1060 ad

140 1098 300 1135 Terram
323 1094 355 1132 C
377 1092 413 1130 T
433 1104 466 1136 e,
487 1101 604 1138 quem
623 1085 746 1124 cauda
764 1081 972 1125 subtendit,
1002 1075 1120 1128 quare

141 1153 228 1203 (per
244 1147 433 1186 theoriam
453 1140 631 1189 cometae)
653 1137 744 1177 data
762 1144 922 1174 cometae
940 1129 1121 1170 distantia

136 1217 162 1242 a
183 1201 316 1247 Terra,
337 1199 490 1237 dabitur
508 1194 643 1233 caudae
660 1189 878 1241 longitudo.

197 1259 285 1294 167.
322 1254 477 1291 Novam
505 1249 798 1298 elegantemque
824 1238 1052 1279 methodum
1071 1235 1122 1274 ad

141 1317 380 1348 cometarum
398 1311 528 1343 motus
546 1302 588 1339 in
606 1302 698 1338 orbe
724 1296 941 1347 parabolico
959 1302 1121 1339 compu-

140 1361 278 1402 tandos
296 1359 511 1404 nobiscum,
534 1351 607 1392 suti.
624 1351 876 1395 humanitate,
905 1342 1123 1384 communi-

142 1416 242 1455 cavit
273 1412 415 1451 clariss.
452 1409 510 1448 vir
537 1415 578 1448 et
611 1406 654 1443 in
689 1406 805 1443 rebus
841 1396 1123 1440 mathematicis

143 1466 419 1507 versatissimus
452 1463 506 1501 D.
531 1460 580 1498 de
611 1460 826 1499 chezeaux.
888 1450 1124 1493 Methodum

142 1523 244 1560 hanc
272 1518 483 1558 describere
511 1513 669 1564 longius
699 1513 822 1549 foret:
868 1506 1001 1558 paucis
1023 1503 1123 1540 dun-

143 1582 249 1613 taxat
284 1583 524 1621 exponemus
554 1565 634 1619 (1υὲ
661 1566 808 1604 ratione
841 1558 1125 1614 longitudinem

88 1643 99 1653 ·
146 1637 261 1678 atque
306 1625 562 1663 deviationem
606 1619 741 1669 caudae
780 1616 994 1663 investigat.
1068 1611 1126 1649 Sit

145 1688 295 1720 cometa
311 1679 354 1716 in
374 1684 518 1727 puncto
537 1675 576 1714 G
593 1672 695 1712 circa
711 1671 816 1724 quod
834 1677 1016 1719 tanquam
1035 1676 1126 1719 ecn-

148 1743 253 1773 trum
272 1731 509 1770 describatur
527 1729 677 1777 sphaera
694 1725 807 1776 cujus
824 1724 923 1761 redii

152 1788 191 1826 G
209 1787 261 1833 A,
282 1786 316 1824 G
338 1785 390 1831 E,
407 1784 485 1821 sint
502 1780 669 1832 aequales
685 1777 925 1830 longitudini

149 1839 286 1880 caudae
302 1845 475 1876 cometae.
525 1831 833 1884 Concipiaturin
852 1831 924 1869 hac
986 1868 991 1873 ,

150 1892 300 1943 sphaera
320 1894 481 1940 planum
495 1887 681 1937 eclipticae
695 1885 925 1934 parallelum

149 1948 294 1985 habens
320 1945 431 1994 polos
457 1943 499 1980 in
529 1942 572 1980 D
599 1948 639 1980 et
668 1940 726 1987 H,
755 1938 926 1988 itemque

151 1988 396 2048 concipiatur·
435 1996 599 2046 planum
648 1994 686 2032 A
728 1992 769 2031 K
807 1989 846 2030 B
887 1989 928 2030 E

152 2053 385 2103 parallelum
402 2050 537 2088 orbitae
555 2059 654 2086 verae
672 2053 834 2084 cometae
857 2046 928 2083 ha-

152 2109 251 2145 bens
269 2105 403 2155 polum
429 2115 556 2142 unum
582 2101 624 2138 in
657 2100 708 2146 G,
737 2100 787 2137 sit
807 2098 928 2136 Terra

154 2161 198 2197 in
218 2160 278 2205 M,
306 2159 390 2209 ejus
415 2154 621 2207 longitudo
639 2167 661 2192 e
679 2150 831 2191 cometa
847 2152 928 2190 visa

154 2220 195 2251 et
213 2212 262 2251 ad
280 2212 441 2262 planum
459 2210 594 2247 orbitae
625 2208 663 2246 A
686 2206 727 2246 K
752 2204 790 2243 B
810 2203 848 2242 E
869 2217 928 2242 re-

156 2266 286 2310 ducta,
308 2264 545 2313 exprimetur
561 2274 631 2310 per
648 2269 782 2298 arcum
811 2257 853 2296 K
876 2256 926 2303 B,

155 2318 320 2358 latitudo
334 2325 464 2356 autem
480 2328 547 2365 per
560 2323 699 2353 arcum'
712 2312 753 2351 Κ
760 2312 791 2363 j.
823 2311 929 2357 Quia

157 2372 248 2411 vero
275 2372 390 2410 datur
419 2372 511 2421 (per-
527 2367 697 2417 observ.)
724 2364 930 2417 longitudo

158 2433 320 2465 cometae
339 2437 361 2462 e
380 2421 503 2461 Terra
520 2422 610 2467 visa,
630 2419 785 2459 dabitur
802 2418 930 2468 longi·
998 2442 1001 2443 γ

160 2479 256 2518 tudo
280 2478 412 2516 Terrae
432 2489 453 2513 e
471 2473 623 2514 cometa
639 2473 745 2519 visa;
778 2472 846 2510 sed
864 2472 931 2509 da-

160 2541 225 2570 tur
253 2529 419 2569 latitudo
450 2534 612 2567 cometae
643 2529 729 2580 (per
756 2525 928 2575 observ.)

161 2593 200 2623 et
234 2587 319 2637 (per
350 2582 539 2622 theoriam
560 2580 738 2628 cometae)
767 2581 931 2617 habetur

162 2636 361 2677 inclinatio
379 2636 485 2686 plani
502 2634 546 2675 ,A
569 2635 611 2673 K
633 2635 672 2675 B
695 2634 748 2680 E,
772 2632 822 2670 ad
846 2632 929 2681 pla·

163 2704 261 2730 num
288 2690 488 2739 eclipticae‚
525 2688 696 2739 itemque
727 2685 931 2724 innotescit

163 2745 273 2783 locus
298 2743 392 2781 nodi
423 2743 471 2781 B.
527 2740 661 2787 Quare
682 2742 769 2792 (per
785 2739 928 2790 trigon.

163 2797 323 2847 sphaer.)
342 2796 561 2835 invenietur
577 2793 782 2846 longitudo
802 2794 934 2832 Terrae

164 2859 339 2901 respectu
374 2849 480 2899 plani
520 2849 558 2887 A
593 2847 636 2886 K
673 2847 711 2886 Β
733 2844 790 2893 Ε,
823 2846 948 2897 cujus
1196 2867 1198 2869 >

166 2916 348 2942 mensura
373 2911 432 2943 est
454 2915 569 2941 arcus
599 2902 635 2940 B
656 2901 699 2940 N
721 2902 758 2938 A
787 2899 837 2947 K,
864 2899 1097 2952 dabiturque
1127 2900 1215 2939 lati-

166 2958 263 2996 tudo
298 2957 339 2995 K
362 2957 397 3007 j.
464 2957 558 2995 Jam
589 2953 680 2997 vero
709 2952 829 2993 ducta
856 2952 961 2992 linea
994 2955 1042 2993 M
1077 2954 1127 3001 E,
1167 2966 1215 2993 ex

171 3009 294 3050 Terra
323 3011 385 3056 M,
413 3009 463 3048 ad
482 3007 763 3047 extremitatem
781 3006 916 3045 caudae
936 3008 989 3054 Ε,
1019 3006 1132 3057 cujus
1149 3020 1216 3046 ex-

167 3063 371 3102 tremitatis
406 3061 612 3114 longitudo
646 3067 687 3100 et
720 3060 888 3099 latitudo
905 3073 927 3099 e
966 3060 1089 3100 Terra
1125 3061 1217 3099 visae

170 3119 258 3169 (per
284 3116 452 3167 observ.)
481 3123 585 3154 notae
611 3121 714 3161 sunt,
743 3121 882 3165 agatur
913 3114 952 3154 G
974 3114 1008 3153 F
1037 3114 1220 3163 parallela

169 3179 284 3209 rectae
305 3170 343 3209 E
365 3171 427 3216 M,
456 3169 594 3208 eodem
619 3167 735 3218 plane
759 3166 878 3205 modo
895 3179 941 3206 ac
958 3167 1077 3218 supra
1103 3169 1217 3206 inno-

169 3231 289 3262 tescet
314 3224 454 3272 positio
480 3222 616 3273 puncti
637 3222 670 3260 F
689 3221 732 3259 in
755 3221 956 3269 superficie
974 3222 1134 3271 sphaerae
1159 3234 1219 3259 re·

169 3284 305 3326 spectu
331 3276 439 3325 plani
468 3277 509 3315 A
531 3275 574 3314 K
596 3271 709 3321 BE,
734 3274 1000 3326 descriptoque
1026 3287 1119 3312 arcu
1146 3274 1220 3313 cir-

172 3330 253 3369 culi
270 3330 430 3368 maximi
452 3329 490 3372 G
506 3329 539 3368 F
554 3329 604 3375 L,
623 3328 870 3368 invenientur
886 3340 999 3367 arcus
1018 3328 1055 3366 B
1074 3328 1114 3366 N
1130 3328 1169 3366 A
1184 3327 1221 3366 L

172 3391 213 3422 et
234 3383 267 3422 F
285 3382 334 3421 L.
388 3382 464 3421 Sed
481 3382 524 3420 in
541 3380 737 3434 triangulo
754 3381 942 3430 sphaerico
965 3382 1003 3420 G
1017 3381 1035 3433 j
1055 3380 1100 3426 F.
1122 3381 1223 3420 datis

172 3436 293 3475 latere
315 3436 353 3474 G
367 3436 398 3486 j,
417 3435 702 3485 complemento
718 3434 861 3473 scilicet
879 3434 959 3486 adj
973 3434 1029 3480 K,
1047 3442 1089 3473 et
1105 3434 1225 3473 latere

181 3491 218 3528 G
244 3490 289 3536 F,
317 3489 603 3539 complemento
629 3488 681 3527 ad
712 3488 746 3527 F
763 3488 815 3535 L,
843 3496 960 3539 atque
985 3488 1106 3526 latere
1135 3488 1169 3527 F
1190 3487 1223 3538 j,

175 3541 360 3580 mensura
384 3541 522 3593 anguli
551 3542 586 3581 F
607 3542 647 3581 G
659 3542 692 3593 j,
718 3541 787 3593 qui
813 3541 972 3592 aequalis
995 3548 1053 3580 est
1079 3540 1227 3592 angulo

183 3597 221 3635 G
247 3597 294 3634 M
315 3596 377 3643 -Ε,
404 3594 622 3634 invenietur
647 3593 820 3646 angulus
849 3596 888 3634 G
911 3595 945 3633 F
957 3595 988 3646 j.
1049 3594 1228 3633 Tandem

178 3649 420 3699 concipiatur
435 3648 601 3699 planum
616 3647 754 3688 circuli
775 3647 938 3686 maximi
955 3647 1143 3687 transiens
1159 3659 1229 3696 per

178 3711 326 3753 puncta
355 3702 400 3749 F,
424 3703 457 3754 j,
484 3714 553 3752 per
570 3709 748 3742 centrum
769 3701 822 3745 G,
842 3713 1050 3740 commune
1068 3701 1229 3750 sphaerae

180 3764 221 3795 et
244 3763 419 3803 cometae,
450 3763 566 3807 atque
593 3765 665 3805 per.
683 3754 969 3803 'extremitatem
1000 3753 1136 3793 caudae
1173 3754 1231 3803 E,

182 3809 370 3860 cujusque
397 3810 518 3848 sectio
544 3820 637 3847 cum
651 3807 787 3857 'plano
820 3808 857 3845 A
889 3807 929 3847 N
960 3807 1010 3853 B,
1044 3808 1093 3846 sit
1124 3814 1229 3845 recta

186 3862 224 3901 E
244 3863 282 3902 G
300 3863 365 3910 ΖΕ,
387 3862 615 3903 formabitur
628 3862 793 3904 alterum
811 3860 1052 3913 triangulum
1070 3860 1227 3910 sphaeri·

1899 2842 1919 2863 ιδ

1270 2912 1362 2938 cum
1399 2898 1453 2937 AE
1477 2899 1510 2939 F
1539 2900 1585 2947 L,
1618 2898 1732 2950 cujus
1755 2899 1839 2951 jam
1872 2899 2122 2938 innotescunt
2154 2897 2323 2949 angulus

1271 2954 1326 2992 AE
1350 2953 1383 2992 F
1403 2953 1441 2992 L
1459 2962 1499 2991 et
1516 2953 1618 2992 latus
1640 2954 1673 2992 F
1694 2954 1743 3000 L,
1763 2966 1883 3004 quare
1900 2954 2055 2992 dabitur
2074 2954 2173 2990 latus
2197 2952 2248 2989 ΖΕ
2273 2952 2321 2997 L,

1271 3020 1316 3046 ac
1352 3006 1515 3056 proinde
1551 3008 1668 3045 etiam
1704 3006 1859 3045 dabitur
1894 3019 2006 3044 arcus
2046 3007 2081 3044 B
2106 3007 2142 3043 A
2168 3006 2235 3051 ΖΕ,
2274 3006 2324 3042 ob

1272 3062 1408 3099 datum
1426 3073 1560 3098 arcum
1585 3062 1619 3099 B
1638 3061 1674 3098 A
1690 3061 1751 3108 L;
1780 3060 1994 3098 innotescet
2011 3066 2193 3108 praeterea
2212 3071 2325 3095 arcus

1274 3114 1310 3152 B
1332 3114 1383 3160 E,
1403 3112 1519 3163 atque
1536 3113 1773 3152 obtinebitur
1790 3126 1902 3152 arcus
1923 3114 1977 3151 AE
2001 3114 2044 3157 F,
2074 3112 2142 3163 qui
2170 3112 2324 3150 additus

1273 3166 1381 3206 arcui
1417 3167 1494 3217 Fj,
1525 3167 1632 3205 dabit
1663 3179 1798 3205 arcum
1831 3167 1886 3205 ,ΖΕ
1909 3167 1940 3217 j,
1974 3164 2142 3217 ideoque
2171 3165 2327 3203 dabitur

1273 3232 1386 3260 arcus
1404 3220 1443 3257 E
1457 3221 1491 3272 j,
1519 3233 1701 3266 mensura
1718 3220 1854 3272 anguli
1872 3220 2057 3258 rectilinei
2080 3220 2099 3271 j
2123 3219 2162 3257 G
2184 3219 2235 3264 E,
2266 3217 2326 3255 vel

1276 3274 1325 3313 M
1349 3273 1388 3312 G
1410 3274 1462 3311 E.
1523 3273 1638 3312 Datis
1664 3281 1796 3312 autem
1827 3274 1876 3314 in,
1900 3273 2098 3324 triangulo
2128 3272 2327 3310 rectilineo

1277 3327 1327 3366 M
1358 3327 1397 3365 G
1428 3327 1478 3371 E,
1510 3326 1667 3378 angulis
1700 3328 1750 3366 M
1782 3327 1820 3365 G
1849 3327 1898 3372 E,
1937 3328 1975 3365 G
1997 3327 2044 3365 Μ
2068 3327 2105 3364 Ε
2140 3333 2179 3363 et
2208 3325 2328 3362 latere

1280 3380 1319 3419 G
1350 3380 1413 3427 M,
1446 3380 1601 3418 dabitur
1628 3380 1731 3419 latus
1766 3381 1804 3419 G
1833 3381 1885 3426 E,
1915 3381 1989 3419 hoc
2021 3387 2090 3425 est,
2123 3379 2329 3429 longitudo

1277 3433 1425 3472 caudae.
1486 3434 1527 3472 Si
1554 3433 1682 3484 itaque
1709 3435 1895 3472 habeatur
1923 3433 2103 3471 distantia
2127 3440 2288 3470 cometae
2306 3443 2330 3468 a

1281 3485 1405 3525 Terra
1430 3486 1471 3524 in
1499 3487 1672 3536 partibus
1698 3487 1903 3526 mediocris
1927 3486 2119 3524 distantiae
2149 3486 2280 3525 Terrae
2308 3497 2330 3522 a

1284 3540 1374 3579 Sole
1388 3552 1578 3589 expressa,
1598 3541 1640 3578 in
1657 3539 1796 3578 iisdem
1814 3538 1971 3591 quoque
1989 3540 2162 3589 partibus
2181 3538 2330 3577 obtine-

1281 3593 1386 3632 bitur
1421 3592 1628 3645 longitudo
1664 3593 1810 3632 catidae.
1891 3594 2092 3638 Quoniam
2127 3590 2218 3630 vero
2264 3594 2332 3643 (ex

1281 3645 1429 3685 theoria
1454 3646 1634 3697 cometae)
1662 3646 1778 3684 datur
1805 3646 1985 3685 distantia
2009 3653 2169 3684 cometae
2188 3659 2211 3683 a
2229 3645 2333 3683 nodo

1283 3712 1330 3738 ex
1346 3699 1437 3738 Sole
1455 3700 1549 3746 visa,
1561 3701 1594 3738 si
1611 3713 1660 3739 ex
1680 3698 1755 3738 hac
1769 3699 1951 3738 distantia
1964 3701 2210 3738 subtrahatur
2223 3711 2334 3736 arcus

1286 3753 1323 3791 B
1346 3753 1398 3800 E,
1427 3753 1630 3792 habebitur
1656 3753 1826 3804 angulus
1852 3766 1970 3804 quem
1998 3761 2101 3790 recta
2119 3765 2187 3801 per
2205 3752 2336 3790 Solem

1282 3814 1322 3844 et
1336 3815 1527 3845 cometam
1542 3806 1660 3845 ducta
1678 3806 1969 3855 comprehendit
1980 3819 2071 3845 cum
2085 3804 2212 3844 cauda
2230 3806 2267 3845 G
2284 3804 2336 3850 E,

1280 3861 1355 3899 hoc
1374 3869 1441 3907 est,
1468 3859 1634 3899 deviatio
1652 3868 1812 3899 cometae
1832 3874 1854 3898 a
1877 3860 1977 3898 Sole.
