2540 4296
282 283 311 325 4
746 274 1315 330 PHILOSOPHIAE
1355 275 1810 328 NATURALIS
1886 277 2004 342 [DE
2033 277 2235 330 Mum).
2266 279 2417 333 SYs'n

644 488 1117 541 PROPOSITIO
1158 490 1374 541 XXVI.
1452 488 1884 542 PROBLEMA
1922 491 2050 542 VII.

288 632 521 684 Invenire
546 631 890 683 incrementum
914 633 1170 684 horarium
1195 649 1328 684 areoe
1352 651 1498 701 quam
1522 633 1694 697 Luna,
1721 637 1869 686 radio
1893 638 1964 686 ad
1994 635 2204 688 Terram
2229 638 2388 700 ductO,

980 722 1036 771 in
1061 722 1175 772 orbe
1199 723 1438 772 circulari
1462 723 1708 774 describit.

352 862 598 914 Diximus
639 882 826 927 aream,
871 883 1026 934 quam
1068 865 1222 916 Luna
1260 865 1407 917 radio
1447 865 1514 917 ad
1555 866 1776 917 Terram
1816 867 1973 919 ducto
1998 868 2260 931 describit,
2302 887 2415 920 esse

278 950 495 1019 tempori
534 951 991 1019 proportionalem,
1044 952 1144 1003 nisi
1184 952 1435 1022 quatenus
1472 964 1642 1005 motus
1678 954 1873 1005 lunaris
1923 955 1989 1007 ab
2037 956 2239 1007 actione
2280 955 2414 1007 Solis

277 1038 528 1090 turbatur.
608 1040 1019 1109 Inaequalitatem
1043 1041 1309 1103 momenti,
1338 1041 1419 1092 vel
1444 1041 1750 1094 incrementi
1775 1043 1970 1093 horarii
1994 1041 2082 1094 hic
2106 1044 2415 1113 investigan-

275 1126 398 1178 dam
412 1128 768 1196 proponimus.
822 1129 898 1180 Ut
923 1129 1238 1196 computatio
1260 1128 1458 1180 facilior
1476 1129 1738 1192 reddatur,
1767 1130 2024 1200 fingamus
2045 1131 2225 1182 orbem
2247 1132 2415 1183 Lunae

275 1216 579 1268 circularem
604 1235 730 1280 esse,
771 1226 823 1268 et
848 1217 1219 1287 inaequalitates
1247 1236 1426 1269 omnes
1453 1218 1791 1289 negligamus,
1832 1216 1893 1270 ea
1931 1218 2039 1271 sola
2074 1219 2308 1288 excepta,
2349 1220 2416 1272 de

276 1306 375 1376 qua
401 1305 488 1359 hic
513 1309 698 1379 agitur.
764 1308 851 1361 Ob
877 1309 1142 1379 ingentem
1160 1307 1284 1360 vero
1308 1308 1442 1362 Solis
1463 1309 1776 1373 distantiam,
1803 1327 2059 1377 ponamus
2079 1310 2234 1362 etiam
2253 1310 2416 1363 lineas

277 1397 315 1448 S
346 1396 407 1459 P,
453 1398 490 1449 S
526 1397 578 1450 T
618 1398 715 1449 sibi
754 1398 975 1449 invicem
1011 1397 1282 1465 parallelas

276 1502 404 1536 esse.
484 1485 549 1554 (¹)
592 1486 717 1537 Hoc
742 1494 895 1553 pacto
920 1485 997 1536 vis
1025 1485 1073 1536 L
1102 1483 1167 1537 M
1204 1504 1285 1537 re—

275 1573 494 1624 ducetur
524 1592 728 1642 semper
754 1574 820 1625 ad
845 1574 1161 1626 mediocrem
1198 1592 1285 1636 su-

274 1681 356 1713 am
379 1663 716 1732 quantitatem
736 1663 788 1715 T
806 1663 867 1727 P,
896 1673 953 1715 ut
979 1673 1030 1715 et
1054 1663 1129 1715 vis
1147 1663 1200 1715 T
1216 1662 1283 1716 M

272 1750 342 1801 ad
384 1750 702 1802 mediocrem
752 1769 897 1801 suam
947 1750 1286 1821 quantitatem

275 1847 306 1891 3
335 1839 381 1891 Ρ
403 1839 473 1892 Κ.
549 1840 657 1891 Hae
682 1840 816 1891 vires
839 1845 954 1909 (per
977 1840 1154 1911 legum
1177 1839 1282 1891 Co-

271 1927 367 1978 rol.
407 1928 480 1994 2.)
524 1939 844 1997 componunt
886 1920 991 1979 vim
1036 1929 1088 1980 T
1116 1928 1194 1989 L;
1233 1937 1285 1980 et

270 2015 386 2068 haec
410 2016 504 2079 viS,
544 2017 587 2068 si
623 2017 678 2067 in
703 2016 906 2068 radium
934 2016 986 2068 T
1013 2017 1059 2068 P
1096 2016 1283 2069 demit-

268 2114 409 2156 tatur
431 2104 863 2174 perpendiculum
890 2105 938 2157 L
966 2105 1031 2165 E,
1071 2104 1282 2157 resolvi-

268 2203 354 2246 tur
392 2196 446 2245 in
491 2195 625 2246 vires
671 2195 723 2246 T
762 2195 825 2258 E,
875 2195 923 2246 E
950 2195 1015 2259 L,
1061 2212 1283 2265 quarum

270 2283 322 2335 T
367 2283 432 2346 E,
479 2284 685 2355 agendo
735 2302 940 2353 semper
991 2282 1281 2335 secundum

265 2373 472 2424 radium
499 2373 551 2425 T
578 2373 640 2436 P,
668 2391 766 2425 nec
791 2372 1045 2425 accelerat
1068 2391 1166 2425 nec
1190 2371 1421 2424 retardat
1444 2370 1849 2442 descriptionem
1874 2390 2009 2424 areae
2036 2371 2088 2423 T
2115 2372 2160 2424 P
2188 2372 2233 2423 C
2271 2371 2418 2423 radio

264 2463 356 2515 illo
384 2464 436 2516 T
463 2465 507 2516 P
531 2463 756 2527 sactam3
795 2473 848 2516 et
874 2463 921 2515 E
949 2465 998 2515 L
1023 2463 1229 2535 agendo
1255 2462 1543 2515 secundum
1567 2463 2016 2532 perpendiculum,
2055 2463 2309 2515 accelerat
2334 2463 2418 2514 vel.

264 2554 495 2605 retardat
519 2554 703 2623 ipsam,
747 2563 999 2624 quantum
1024 2553 1278 2605 accelerat
1301 2552 1385 2604 vel
1408 2551 1638 2604 retardat
1664 2553 1889 2604 Lunam.
1965 2552 2291 2604 Acceleratio
2328 2552 2418 2604 illa

267 2643 453 2707 Lunae,
494 2643 548 2693 in
573 2642 794 2694 transitu
818 2640 979 2711 ipsius
1013 2662 1044 2693 a
1080 2639 1394 2712 quadratura
1437 2641 1482 2693 C
1523 2640 1591 2692 ad
1629 2642 2047 2710 conjunctionem
2087 2642 2155 2704 A,
2200 2642 2415 2712 singulis

265 2732 514 2800 temporis
540 2732 818 2783 momentis
841 2730 992 2794 facta,
1021 2740 1099 2783 est
1126 2732 1190 2801 (δ’)
1216 2740 1276 2782 ut
1298 2730 1412 2799 ipsa
1435 2729 1511 2781 vis
1538 2729 1829 2781 accelerans
1858 2729 1905 2780 E
1923 2729 1988 2792 L,
2018 2730 2081 2798 (Ζ)
2108 2729 2210 2781 hoc
2236 2740 2329 2793 est,
2355 2740 2415 2782 ut

268 2819 711 2903 Q.
806 2851 1118 2920 Exponatur
1160 2859 1366 2918 tempus
1402 2866 1498 2917 per
1533 2858 1733 2899 motum
1769 2847 2001 2900 medium
2036 2848 2288 2913 lunarem,
2332 2849 2413 2901 vel

407 2904 532 2956 TP

267 2991 328 3060 (ὃ)
371 2991 534 3061 (quod
560 2992 746 3044 eodem
772 2992 879 3044 fere
905 2991 1108 3057 recidit)
1147 3009 1243 3060 per
1266 2989 1520 3061 angulum
1560 2988 1606 3041 C
1633 2988 1685 3040 T
1713 2989 1774 3052 P,
1814 2988 1897 3040 vel
1921 2989 2077 3041 etiam
2100 3008 2195 3058 per
2232 3008 2412 3042 arcum

265 3080 309 3131 C
339 3081 398 3133 P.
476 3082 565 3133 Ad
594 3082 639 3133 C
667 3082 718 3134 T
744 3083 974 3154 erigatur
998 3080 1246 3133 normalis
1274 3081 1320 3133 C
1349 3080 1403 3133 G
1426 3079 1526 3149 ipsi
1555 3079 1600 3131 C
1628 3079 1681 3132 T
1705 3079 1935 3149 aequalis,
2000 3081 2072 3132 Et
2096 3081 2262 3134 diviso
2286 3100 2412 3134 arcu

316 3240 376 3293 (¹)
399 3243 419 3264 ¹*
443 3243 531 3287 Hoc
544 3248 668 3292 pacto.
731 3240 835 3279 Vide
858 3247 992 3280 notam
1012 3240 1068 3293 (¹¹)
1088 3238 1307 3291 praeceden-
1363 3237 1451 3292 (sed
1467 3249 1536 3287 per
1553 3244 1688 3276 notam
1707 3237 1744 3288 ¹¹)
1765 3244 1823 3276 est
1843 3237 1879 3277 P
1898 3237 1936 3277 L
1961 3253 2019 3276 =
2046 3242 2074 3277 3
2096 3238 2132 3278 P
2152 3238 2195 3278 K
2223 3252 2319 3293 ergo
2349 3244 2408 3280 est

261 3303 353 3333 tem.
1362 3290 1907 3393 EL=5P15r>gTK·

317 3392 375 3445 (y)
397 3395 419 3418 ι
449 3395 500 3433 Ut
518 3393 599 3443 ipsa
618 3394 674 3432 vis
686 3377 907 3432 'accelerans
928 3393 1012 3444 (13.
1037 3391 1125 3430 Lib.
1147 3391 1214 3442 1.).
1417 3417 1507 3453 110·
1554 3414 1610 3467 (a)
1633 3418 1654 3440 ψ
1683 3417 1792 3458 Quod
1810 3417 1936 3455 eodem
1948 3415 2038 3470 fer&
2056 3419 2198 3456 recidit·
2259 3418 2309 3456 In
2336 3419 2406 3468 hy-

1362 3467 1514 3516 pothesi
1533 3470 1666 3506 orbem
1684 3467 1860 3505 lunarem
1880 3481 1961 3507 esse
1980 3469 2215 3515 circularem,
2238 3471 2407 3521 angulus

680 3502 708 3535 3
730 3502 769 3537 P
786 3502 832 3537 X
846 3503 887 3544 Χ
918 3501 955 3537 T
969 3500 1022 3567 K,
1068 3530 1173 3567 Nam
1191 3528 1310 3568 grim..
1367 3521 1400 3559 C
1416 3521 1453 3558 T
1468 3520 1502 3559 P
1520 3521 1582 3558 vel
1605 3533 1716 3558 arcus
1738 3521 1770 3558 C
1793 3521 1828 3557 P
1845 3520 1972 3560 forent
1989 3523 2291 3571 proportionales
2308 3530 2406 3561 tem-

805 3565 842 3601 T
860 3566 897 3601 P
932 3615 941 3623 ι
961 3614 970 3623 ‚
1363 3575 1460 3621 pori,
1483 3572 1630 3611 semota
1648 3572 1952 3613 consideratione
1970 3575 2263 3624 perturbationis
2275 3582 2408 3614 motus

266 3615 363 3667 gala
382 3615 418 3653 P
440 3616 477 3653 T
500 3615 555 3661 K,
579 3615 614 3653 P
634 3616 670 3654 L
688 3616 725 3653 Ε
745 3623 838 3653 Slmt
856 3615 997 3652 Slmlha
1013 3621 1168 3664 Propter
1185 3627 1311 3666 angu-
1366 3626 1495 3665 Lunae
1514 3639 1562 3664 ex
1585 3625 1683 3664 Solis
1700 3626 1851 3665 actione
1869 3629 2067 3677 productae
2078 3643 2091 3675 3
2111 3629 2195 3665 hoec
2212 3626 2303 3666 vero
2320 3640 2406 3676 per-

265 3670 349 3707 lum
367 3681 619 3707 communem
637 3682 680 3706 ln
701 3668 738 3707 P
756 3677 795 3707 et
813 3667 979 3719 angulos
996 3675 1119 3706 rectos
1141 3668 1183 3706 K
1199 3675 1238 3705 et
1257 3667 1309 3714 E,
1364 3679 1534 3717 turbatio
1551 3686 1726 3728 respectu
1743 3679 1865 3729 ipsius
1882 3680 2011 3720 motfis
2030 3681 2159 3719 Lunae
2177 3686 2234 3719 est
2251 3680 2404 3732 exigua,

263 3765 357 3804 crgo
371 3760 428 3792 cst
444 3754 481 3793 T
495 3754 552 3793 P:
573 3754 609 3793 T
624 3753 665 3793 K
679 3769 688 3793 ε
707 3769 717 3792 ι
741 3754 775 3792 Ρ
789 3754 848 3793 L:
870 3753 908 3792 E
923 3752 1028 3793 L.=
1040 3721 1297 3783 -----—-P
1091 3721 1240 3824 Lgpr
1250 3720 1308 3800 K,
1363 3732 2024 3837 ἔξὲζξῐέἓξᾞέεἳεξςὲἰῒὲὲἶιᾟε
2045 3734 2077 3773 c
2092 3734 2128 3773 P
2145 3732 2308 3783 tempoei
2325 3732 2406 3772 fer&

320 3530 380 3582 ζ’)
402 3534 423 3556 *
441 3533 530 3570 Hoc
548 3538 601 3569 est
620 3538 664 3569 ut
