<?xml version="1.0" encoding="UTF-8"?>
<!DOCTYPE html PUBLIC "-//W3C//DTD XHTML 1.0 Transitional//EN"
    "http://www.w3.org/TR/xhtml1/DTD/xhtml1-transitional.dtd">
<html xmlns="http://www.w3.org/1999/xhtml" xml:lang="en" lang="en">
 <head>
  <title>
</title>
<meta http-equiv="Content-Type" content="text/html;charset=utf-8" />
  <meta name='ocr-system' content='tesseract 3.04.00' />
  <meta name='ocr-capabilities' content='ocr_page ocr_carea ocr_par ocr_line ocrx_word'/>
</head>
<body>
  <div class='ocr_page' id='page_1' title='image "./philonatrualprin04newtrich_0015.png"; bbox 0 0 2540 4296; ppageno 0'>
   <div class='ocr_carea' id='block_1_1' title="bbox 694 670 1580 753">
    <p class='ocr_par' dir='ltr' id='par_1_1' title="bbox 694 670 1580 753">
     <span class='ocr_line' id='line_1_1' title="bbox 694 670 1580 753; baseline -0.002 -3"><span class='ocrx_word' id='word_1_1' title='bbox 694 670 1580 753; x_wconf 82' lang='lat' dir='ltr'>INTRODUCTIO</span> 
     </span>
    </p>
   </div>
   <div class='ocr_carea' id='block_1_2' title="bbox 1101 891 1186 928">
    <p class='ocr_par' dir='ltr' id='par_1_2' title="bbox 1101 891 1186 928">
     <span class='ocr_line' id='line_1_2' title="bbox 1101 891 1186 928; baseline 0 0"><span class='ocrx_word' id='word_1_2' title='bbox 1101 891 1186 928; x_wconf 92' lang='lat' dir='ltr'>AD</span> 
     </span>
    </p>
   </div>
   <div class='ocr_carea' id='block_1_3' title="bbox 233 1073 2050 1144">
    <p class='ocr_par' dir='ltr' id='par_1_3' title="bbox 233 1073 2050 1144">
     <span class='ocr_line' id='line_1_3' title="bbox 233 1073 2050 1144; baseline 0.003 -5"><span class='ocrx_word' id='word_1_3' title='bbox 233 1075 547 1141; x_wconf 87' lang='lat' dir='ltr'><strong>LUNAE</strong></span> <span class='ocrx_word' id='word_1_4' title='bbox 601 1073 1154 1140; x_wconf 82' lang='lat' dir='ltr'><strong>THEORIAM</strong></span> <span class='ocrx_word' id='word_1_5' title='bbox 1210 1074 2050 1144; x_wconf 85' lang='lat' dir='ltr'>NEWTONIANAM.</span> 
     </span>
    </p>
   </div>
   <div class='ocr_carea' id='block_1_4' title="bbox 956 1337 1321 1353">
    <p class='ocr_par' dir='ltr' id='par_1_4' title="bbox 956 1337 1321 1353">
     <span class='ocr_line' id='line_1_4' title="bbox 956 1337 1321 1353; baseline -0.003 0"><span class='ocrx_word' id='word_1_6' title='bbox 956 1337 1321 1353; x_wconf 49' lang='lat' dir='ltr'>WWRWW</span> 
     </span>
    </p>
   </div>
   <div class='ocr_carea' id='block_1_5' title="bbox 38 1528 2227 3867">
    <p class='ocr_par' dir='ltr' id='par_1_5' title="bbox 58 1528 2225 1964">
     <span class='ocr_line' id='line_1_5' title="bbox 72 1528 2224 1622; baseline -0.001 -17"><span class='ocrx_word' id='word_1_7' title='bbox 72 1528 251 1606; x_wconf 76' lang='lat' dir='ltr'>TmA</span> <span class='ocrx_word' id='word_1_8' title='bbox 276 1561 394 1604; x_wconf 84' lang='lat' dir='ltr'>sunt</span> <span class='ocrx_word' id='word_1_9' title='bbox 418 1552 472 1603; x_wconf 87' lang='lat' dir='ltr'>in</span> <span class='ocrx_word' id='word_1_10' title='bbox 498 1550 664 1602; x_wconf 80' lang='lat' dir='ltr'>Lunae</span> <span class='ocrx_word' id='word_1_11' title='bbox 691 1549 921 1602; x_wconf 65' lang='lat' dir='ltr'>Theoria</span> <span class='ocrx_word' id='word_1_12' title='bbox 939 1549 1232 1618; x_wconf 87' lang='lat' dir='ltr'>spectanda,</span> <span class='ocrx_word' id='word_1_13' title='bbox 1262 1550 1315 1600; x_wconf 92' lang='lat' dir='ltr'>in</span> <span class='ocrx_word' id='word_1_14' title='bbox 1342 1550 1529 1619; x_wconf 88' lang='lat' dir='ltr'>quibus</span> <span class='ocrx_word' id='word_1_15' title='bbox 1554 1560 1787 1602; x_wconf 87' lang='lat' dir='ltr'>versatur</span> <span class='ocrx_word' id='word_1_16' title='bbox 1813 1552 1980 1602; x_wconf 90' lang='lat' dir='ltr'>omnis</span> <span class='ocrx_word' id='word_1_17' title='bbox 2006 1553 2224 1622; x_wconf 79' lang='lat' dir='ltr'>quaestio</span> 
     </span>
     <span class='ocr_line' id='line_1_6' title="bbox 72 1638 2224 1711; baseline -0.001 -17"><span class='ocrx_word' id='word_1_18' title='bbox 72 1643 413 1694; x_wconf 85' lang='lat' dir='ltr'>astronomica</span> <span class='ocrx_word' id='word_1_19' title='bbox 434 1660 550 1711; x_wconf 87' lang='lat' dir='ltr'>quae</span> <span class='ocrx_word' id='word_1_20' title='bbox 590 1640 654 1692; x_wconf 93' lang='lat' dir='ltr'>de</span> <span class='ocrx_word' id='word_1_21' title='bbox 690 1639 799 1708; x_wconf 68' lang='lat' dir='ltr'>ipsa</span> <span class='ocrx_word' id='word_1_22' title='bbox 838 1639 1035 1690; x_wconf 86' lang='lat' dir='ltr'>institui</span> <span class='ocrx_word' id='word_1_23' title='bbox 1057 1649 1256 1707; x_wconf 84' lang='lat' dir='ltr'>potest3</span> <span class='ocrx_word' id='word_1_24' title='bbox 1295 1638 1538 1707; x_wconf 75' lang='lat' dir='ltr'>primurn,</span> <span class='ocrx_word' id='word_1_25' title='bbox 1570 1640 1678 1708; x_wconf 89' lang='lat' dir='ltr'>ejus</span> <span class='ocrx_word' id='word_1_26' title='bbox 1703 1650 1875 1691; x_wconf 88' lang='lat' dir='ltr'>motus</span> <span class='ocrx_word' id='word_1_27' title='bbox 1903 1640 2156 1710; x_wconf 70' lang='lat' dir='ltr'>quatenus</span> <span class='ocrx_word' id='word_1_28' title='bbox 2197 1660 2224 1691; x_wconf 94' lang='lat' dir='ltr'>e</span> 
     </span>
     <span class='ocr_line' id='line_1_7' title="bbox 58 1727 2225 1799; baseline -0.002 -15"><span class='ocrx_word' id='word_1_29' title='bbox 58 1731 240 1784; x_wconf 59' lang='lat' dir='ltr'>&#39;Terra</span> <span class='ocrx_word' id='word_1_30' title='bbox 269 1732 599 1791; x_wconf 85' lang='lat' dir='ltr'>observatur3</span> <span class='ocrx_word' id='word_1_31' title='bbox 640 1728 882 1791; x_wconf 77' lang='lat' dir='ltr'>secundo,</span> <span class='ocrx_word' id='word_1_32' title='bbox 922 1728 1091 1798; x_wconf 84' lang='lat' dir='ltr'>figura</span> <span class='ocrx_word' id='word_1_33' title='bbox 1116 1728 1310 1779; x_wconf 88' lang='lat' dir='ltr'>lunaris</span> <span class='ocrx_word' id='word_1_34' title='bbox 1339 1728 1522 1779; x_wconf 88' lang='lat' dir='ltr'>orbitae</span> <span class='ocrx_word' id='word_1_35' title='bbox 1561 1748 1591 1779; x_wconf 89' lang='lat' dir='ltr'>a</span> <span class='ocrx_word' id='word_1_36' title='bbox 1627 1728 1823 1780; x_wconf 91' lang='lat' dir='ltr'>circulo</span> <span class='ocrx_word' id='word_1_37' title='bbox 1846 1727 1964 1799; x_wconf 73' lang='lat' dir='ltr'>plus</span> <span class='ocrx_word' id='word_1_38' title='bbox 1989 1730 2225 1780; x_wconf 84' lang='lat' dir='ltr'>minusve</span> 
     </span>
     <span class='ocr_line' id='line_1_8' title="bbox 72 1815 2225 1887; baseline -0.002 -16"><span class='ocrx_word' id='word_1_39' title='bbox 72 1820 317 1872; x_wconf 82' lang='lat' dir='ltr'><strong>recedens</strong></span> <span class='ocrx_word' id='word_1_40' title='bbox 345 1829 396 1870; x_wconf 91' lang='lat' dir='ltr'>et</span> <span class='ocrx_word' id='word_1_41' title='bbox 421 1818 659 1887; x_wconf 87' lang='lat' dir='ltr'>apsidum</span> <span class='ocrx_word' id='word_1_42' title='bbox 685 1818 792 1886; x_wconf 87' lang='lat' dir='ltr'>ejus</span> <span class='ocrx_word' id='word_1_43' title='bbox 818 1817 1036 1886; x_wconf 82' lang='lat' dir='ltr'>positi03</span> <span class='ocrx_word' id='word_1_44' title='bbox 1077 1835 1136 1868; x_wconf 90' lang='lat' dir='ltr'>ac</span> <span class='ocrx_word' id='word_1_45' title='bbox 1173 1815 1341 1880; x_wconf 76' lang='lat' dir='ltr'>tertio,</span> <span class='ocrx_word' id='word_1_46' title='bbox 1373 1818 1480 1886; x_wconf 86' lang='lat' dir='ltr'>ejus</span> <span class='ocrx_word' id='word_1_47' title='bbox 1508 1817 1692 1870; x_wconf 77' lang='lat' dir='ltr'>orbitae</span> <span class='ocrx_word' id='word_1_48' title='bbox 1730 1817 1797 1870; x_wconf 89' lang='lat' dir='ltr'>ad</span> <span class='ocrx_word' id='word_1_49' title='bbox 1835 1817 2126 1886; x_wconf 80' lang='lat' dir='ltr'>eclipticam</span> <span class='ocrx_word' id='word_1_50' title='bbox 2148 1819 2225 1869; x_wconf 88' lang='lat' dir='ltr'>in-</span> 
     </span>
     <span class='ocr_line' id='line_1_9' title="bbox 72 1912 298 1964; baseline -0.004 0"><span class='ocrx_word' id='word_1_51' title='bbox 72 1912 298 1964; x_wconf 85' lang='lat' dir='ltr'>clinatio.</span> 
     </span>
    </p>

    <p class='ocr_par' dir='ltr' id='par_1_6' title="bbox 66 1997 2227 2875">
     <span class='ocr_line' id='line_1_10' title="bbox 145 1997 2225 2069; baseline -0.001 -18"><span class='ocrx_word' id='word_1_52' title='bbox 145 2001 200 2053; x_wconf 85' lang='lat' dir='ltr'>Si</span> <span class='ocrx_word' id='word_1_53' title='bbox 226 1998 371 2051; x_wconf 74' lang='lat' dir='ltr'>extra</span> <span class='ocrx_word' id='word_1_54' title='bbox 402 1998 535 2051; x_wconf 86' lang='lat' dir='ltr'>Solis</span> <span class='ocrx_word' id='word_1_55' title='bbox 561 1998 814 2049; x_wconf 82' lang='lat' dir='ltr'>actionem</span> <span class='ocrx_word' id='word_1_56' title='bbox 842 1997 995 2048; x_wconf 90' lang='lat' dir='ltr'>Luna</span> <span class='ocrx_word' id='word_1_57' title='bbox 1019 2006 1191 2049; x_wconf 86' lang='lat' dir='ltr'>motus</span> <span class='ocrx_word' id='word_1_58' title='bbox 1219 2016 1337 2048; x_wconf 90' lang='lat' dir='ltr'>suos</span> <span class='ocrx_word' id='word_1_59' title='bbox 1366 2007 1557 2068; x_wconf 80' lang='lat' dir='ltr'>ageret,</span> <span class='ocrx_word' id='word_1_60' title='bbox 1600 1998 1755 2049; x_wconf 84' lang='lat' dir='ltr'>Luna</span> <span class='ocrx_word' id='word_1_61' title='bbox 1780 1999 2002 2067; x_wconf 83' lang='lat' dir='ltr'>ellipsim</span> <span class='ocrx_word' id='word_1_62' title='bbox 2043 2018 2225 2069; x_wconf 90' lang='lat' dir='ltr'>quam-</span> 
     </span>
     <span class='ocr_line' id='line_1_11' title="bbox 69 2078 2225 2159; baseline -0.002 -16"><span class='ocrx_word' id='word_1_63' title='bbox 69 2092 195 2143; x_wconf 83' lang='lat' dir='ltr'>libet</span> <span class='ocrx_word' id='word_1_64' title='bbox 216 2092 352 2142; x_wconf 89' lang='lat' dir='ltr'>circa</span> <span class='ocrx_word' id='word_1_65' title='bbox 370 2090 592 2141; x_wconf 85' lang='lat' dir='ltr'>Terram</span> <span class='ocrx_word' id='word_1_66' title='bbox 612 2088 903 2140; x_wconf 85' lang='lat' dir='ltr'>describere</span> <span class='ocrx_word' id='word_1_67' title='bbox 922 2099 1097 2157; x_wconf 92' lang='lat' dir='ltr'>posset</span> <span class='ocrx_word' id='word_1_68' title='bbox 1122 2089 1176 2139; x_wconf 92' lang='lat' dir='ltr'>in</span> <span class='ocrx_word' id='word_1_69' title='bbox 1194 2089 1354 2157; x_wconf 90' lang='lat' dir='ltr'>plano</span> <span class='ocrx_word' id='word_1_70' title='bbox 1375 2078 1572 2158; x_wconf 85' lang='lat' dir='ltr'>quovis,</span> <span class='ocrx_word' id='word_1_71' title='bbox 1603 2100 1654 2141; x_wconf 89' lang='lat' dir='ltr'>et</span> <span class='ocrx_word' id='word_1_72' title='bbox 1680 2109 1741 2142; x_wconf 91' lang='lat' dir='ltr'>ea</span> <span class='ocrx_word' id='word_1_73' title='bbox 1759 2091 1951 2159; x_wconf 80' lang='lat' dir='ltr'>ellipsis</span> <span class='ocrx_word' id='word_1_74' title='bbox 1970 2089 2225 2159; x_wconf 74' lang='lat' dir='ltr'>perpetuo</span> 
     </span>
     <span class='ocr_line' id='line_1_12' title="bbox 70 2179 2226 2251; baseline -0.001 -19"><span class='ocrx_word' id='word_1_75' title='bbox 70 2181 252 2232; x_wconf 91' lang='lat' dir='ltr'>eadem</span> <span class='ocrx_word' id='word_1_76' title='bbox 275 2189 507 2230; x_wconf 70' lang='lat' dir='ltr'>maneret</span> <span class='ocrx_word' id='word_1_77' title='bbox 525 2188 948 2247; x_wconf 87' lang='lat' dir='ltr'>constantemque</span> <span class='ocrx_word' id='word_1_78' title='bbox 968 2179 1218 2248; x_wconf 84' lang='lat' dir='ltr'>angulum</span> <span class='ocrx_word' id='word_1_79' title='bbox 1245 2198 1362 2231; x_wconf 91' lang='lat' dir='ltr'>cum</span> <span class='ocrx_word' id='word_1_80' title='bbox 1382 2179 1615 2248; x_wconf 67' lang='lat' dir='ltr'>ecliptica</span> <span class='ocrx_word' id='word_1_81' title='bbox 1637 2180 1889 2241; x_wconf 82' lang='lat' dir='ltr'>efficeret3</span> <span class='ocrx_word' id='word_1_82' title='bbox 1919 2181 2091 2251; x_wconf 89' lang='lat' dir='ltr'>itaque</span> <span class='ocrx_word' id='word_1_83' title='bbox 2118 2190 2226 2231; x_wconf 88' lang='lat' dir='ltr'>tota</span> 
     </span>
     <span class='ocr_line' id='line_1_13' title="bbox 69 2265 2227 2337; baseline -0 -18"><span class='ocrx_word' id='word_1_84' title='bbox 69 2269 267 2320; x_wconf 90' lang='lat' dir='ltr'>theoria</span> <span class='ocrx_word' id='word_1_85' title='bbox 295 2268 463 2320; x_wconf 88' lang='lat' dir='ltr'>Lunae</span> <span class='ocrx_word' id='word_1_86' title='bbox 490 2267 627 2318; x_wconf 88' lang='lat' dir='ltr'>circa</span> <span class='ocrx_word' id='word_1_87' title='bbox 651 2265 765 2317; x_wconf 89' lang='lat' dir='ltr'>haec</span> <span class='ocrx_word' id='word_1_88' title='bbox 790 2277 1082 2317; x_wconf 86' lang='lat' dir='ltr'>versaretur</span> <span class='ocrx_word' id='word_1_89' title='bbox 1108 2267 1378 2329; x_wconf 88' lang='lat' dir='ltr'>elementa,</span> <span class='ocrx_word' id='word_1_90' title='bbox 1419 2266 1605 2335; x_wconf 75' lang='lat' dir='ltr'>primo,</span> <span class='ocrx_word' id='word_1_91' title='bbox 1646 2277 1706 2318; x_wconf 92' lang='lat' dir='ltr'>ut</span> <span class='ocrx_word' id='word_1_92' title='bbox 1730 2286 1797 2318; x_wconf 88' lang='lat' dir='ltr'>ex</span> <span class='ocrx_word' id='word_1_93' title='bbox 1821 2278 2056 2336; x_wconf 90' lang='lat' dir='ltr'>tempore</span> <span class='ocrx_word' id='word_1_94' title='bbox 2084 2267 2227 2337; x_wconf 88' lang='lat' dir='ltr'>quod</span> 
     </span>
     <span class='ocr_line' id='line_1_14' title="bbox 71 2356 2226 2427; baseline 0 -18"><span class='ocrx_word' id='word_1_95' title='bbox 71 2358 222 2409; x_wconf 87' lang='lat' dir='ltr'>Luna</span> <span class='ocrx_word' id='word_1_96' title='bbox 244 2368 570 2410; x_wconf 85' lang='lat' dir='ltr'>consumeret</span> <span class='ocrx_word' id='word_1_97' title='bbox 594 2367 651 2409; x_wconf 92' lang='lat' dir='ltr'>ut</span> <span class='ocrx_word' id='word_1_98' title='bbox 677 2378 707 2409; x_wconf 87' lang='lat' dir='ltr'>a</span> <span class='ocrx_word' id='word_1_99' title='bbox 732 2356 956 2427; x_wconf 72' lang='lat' dir='ltr'>quadam</span> <span class='ocrx_word' id='word_1_100' title='bbox 975 2357 1123 2409; x_wconf 69' lang='lat' dir='ltr'>stella</span> <span class='ocrx_word' id='word_1_101' title='bbox 1146 2358 1417 2409; x_wconf 87' lang='lat' dir='ltr'>discedens</span> <span class='ocrx_word' id='word_1_102' title='bbox 1444 2359 1511 2409; x_wconf 90' lang='lat' dir='ltr'>ad</span> <span class='ocrx_word' id='word_1_103' title='bbox 1537 2359 1773 2410; x_wconf 91' lang='lat' dir='ltr'>eamdem</span> <span class='ocrx_word' id='word_1_104' title='bbox 1791 2358 1999 2422; x_wconf 85' lang='lat' dir='ltr'>rediret,</span> <span class='ocrx_word' id='word_1_105' title='bbox 2024 2360 2226 2411; x_wconf 83' lang='lat' dir='ltr'>obtine-</span> 
     </span>
     <span class='ocr_line' id='line_1_15' title="bbox 68 2448 2226 2521; baseline 0.001 -22"><span class='ocrx_word' id='word_1_106' title='bbox 68 2458 185 2499; x_wconf 84' lang='lat' dir='ltr'>atur</span> <span class='ocrx_word' id='word_1_107' title='bbox 209 2448 416 2499; x_wconf 83' lang='lat' dir='ltr'>duratio</span> <span class='ocrx_word' id='word_1_108' title='bbox 444 2450 552 2518; x_wconf 83' lang='lat' dir='ltr'>ejus</span> <span class='ocrx_word' id='word_1_109' title='bbox 578 2449 768 2499; x_wconf 85' lang='lat' dir='ltr'>mensis</span> <span class='ocrx_word' id='word_1_110' title='bbox 799 2449 1050 2517; x_wconf 91' lang='lat' dir='ltr'>periodici</span> <span class='ocrx_word' id='word_1_111' title='bbox 1079 2449 1266 2501; x_wconf 87' lang='lat' dir='ltr'>siderei</span> <span class='ocrx_word' id='word_1_112' title='bbox 1293 2451 1468 2519; x_wconf 89' lang='lat' dir='ltr'>sicque</span> <span class='ocrx_word' id='word_1_113' title='bbox 1493 2461 1665 2502; x_wconf 86' lang='lat' dir='ltr'>motus</span> <span class='ocrx_word' id='word_1_114' title='bbox 1692 2452 1801 2521; x_wconf 89' lang='lat' dir='ltr'>ejus</span> <span class='ocrx_word' id='word_1_115' title='bbox 1826 2451 2028 2502; x_wconf 87' lang='lat' dir='ltr'>medius</span> <span class='ocrx_word' id='word_1_116' title='bbox 2055 2452 2226 2502; x_wconf 87' lang='lat' dir='ltr'>deter-</span> 
     </span>
     <span class='ocr_line' id='line_1_16' title="bbox 67 2535 2225 2607; baseline 0.001 -21"><span class='ocrx_word' id='word_1_117' title='bbox 67 2536 306 2597; x_wconf 78' lang='lat' dir='ltr'>minetur,</span> <span class='ocrx_word' id='word_1_118' title='bbox 347 2535 486 2586; x_wconf 91' lang='lat' dir='ltr'>unde</span> <span class='ocrx_word' id='word_1_119' title='bbox 523 2535 670 2586; x_wconf 84' lang='lat' dir='ltr'>facile</span> <span class='ocrx_word' id='word_1_120' title='bbox 708 2535 1024 2587; x_wconf 88' lang='lat' dir='ltr'>obtinebitur</span> <span class='ocrx_word' id='word_1_121' title='bbox 1062 2537 1144 2587; x_wconf 87' lang='lat' dir='ltr'>via</span> <span class='ocrx_word' id='word_1_122' title='bbox 1182 2556 1335 2606; x_wconf 87' lang='lat' dir='ltr'>quam</span> <span class='ocrx_word' id='word_1_123' title='bbox 1367 2538 1521 2587; x_wconf 87' lang='lat' dir='ltr'>Luna</span> <span class='ocrx_word' id='word_1_124' title='bbox 1553 2538 1675 2589; x_wconf 88' lang='lat' dir='ltr'>dato</span> <span class='ocrx_word' id='word_1_125' title='bbox 1701 2549 1935 2607; x_wconf 90' lang='lat' dir='ltr'>tempore</span> <span class='ocrx_word' id='word_1_126' title='bbox 1972 2558 2067 2607; x_wconf 89' lang='lat' dir='ltr'>per</span> <span class='ocrx_word' id='word_1_127' title='bbox 2105 2558 2225 2589; x_wconf 84' lang='lat' dir='ltr'>eum</span> 
     </span>
     <span class='ocr_line' id='line_1_17' title="bbox 70 2625 2224 2695; baseline 0.001 -19"><span class='ocrx_word' id='word_1_128' title='bbox 70 2637 264 2676; x_wconf 88' lang='lat' dir='ltr'>motum</span> <span class='ocrx_word' id='word_1_129' title='bbox 287 2625 513 2676; x_wconf 89' lang='lat' dir='ltr'>medium</span> <span class='ocrx_word' id='word_1_130' title='bbox 534 2626 733 2676; x_wconf 88' lang='lat' dir='ltr'>emetiri</span> <span class='ocrx_word' id='word_1_131' title='bbox 759 2635 946 2695; x_wconf 87' lang='lat' dir='ltr'>potest,</span> <span class='ocrx_word' id='word_1_132' title='bbox 974 2626 1045 2677; x_wconf 85' lang='lat' dir='ltr'>ita</span> <span class='ocrx_word' id='word_1_133' title='bbox 1072 2636 1146 2689; x_wconf 91' lang='lat' dir='ltr'>ut,</span> <span class='ocrx_word' id='word_1_134' title='bbox 1178 2625 1298 2677; x_wconf 71' lang='lat' dir='ltr'>data</span> <span class='ocrx_word' id='word_1_135' title='bbox 1320 2626 1537 2694; x_wconf 64' lang='lat' dir='ltr'>epocha,</span> <span class='ocrx_word' id='word_1_136' title='bbox 1567 2628 1669 2679; x_wconf 89' lang='lat' dir='ltr'>hoc</span> <span class='ocrx_word' id='word_1_137' title='bbox 1697 2638 1790 2691; x_wconf 87' lang='lat' dir='ltr'>est,</span> <span class='ocrx_word' id='word_1_138' title='bbox 1822 2628 1943 2679; x_wconf 93' lang='lat' dir='ltr'>dato</span> <span class='ocrx_word' id='word_1_139' title='bbox 1963 2629 2080 2679; x_wconf 97' lang='grc'>1000</span> <span class='ocrx_word' id='word_1_140' title='bbox 2108 2629 2224 2680; x_wconf 88' lang='lat' dir='ltr'>coeli</span> 
     </span>
     <span class='ocr_line' id='line_1_18' title="bbox 66 2716 2224 2788; baseline 0.001 -22"><span class='ocrx_word' id='word_1_141' title='bbox 66 2717 119 2767; x_wconf 90' lang='lat' dir='ltr'>in</span> <span class='ocrx_word' id='word_1_142' title='bbox 156 2735 259 2786; x_wconf 91' lang='lat' dir='ltr'>quo</span> <span class='ocrx_word' id='word_1_143' title='bbox 299 2717 451 2768; x_wconf 86' lang='lat' dir='ltr'>Luna</span> <span class='ocrx_word' id='word_1_144' title='bbox 488 2717 766 2785; x_wconf 89' lang='lat' dir='ltr'>aliquando</span> <span class='ocrx_word' id='word_1_145' title='bbox 804 2717 1075 2768; x_wconf 86' lang='lat' dir='ltr'>observata</span> <span class='ocrx_word' id='word_1_146' title='bbox 1108 2716 1302 2779; x_wconf 87' lang='lat' dir='ltr'>fuisset,</span> <span class='ocrx_word' id='word_1_147' title='bbox 1344 2717 1467 2768; x_wconf 87' lang='lat' dir='ltr'>inde</span> <span class='ocrx_word' id='word_1_148' title='bbox 1505 2736 1660 2786; x_wconf 83' lang='lat' dir='ltr'>quein</span> <span class='ocrx_word' id='word_1_149' title='bbox 1696 2718 1751 2767; x_wconf 89' lang='lat' dir='ltr'>in</span> <span class='ocrx_word' id='word_1_150' title='bbox 1787 2718 1961 2767; x_wconf 90' lang='lat' dir='ltr'>locum</span> <span class='ocrx_word' id='word_1_151' title='bbox 1998 2719 2224 2788; x_wconf 75' lang='lat' dir='ltr'>migrare-</span> 
     </span>
     <span class='ocr_line' id='line_1_19' title="bbox 67 2805 2004 2875; baseline 0 -18"><span class='ocrx_word' id='word_1_152' title='bbox 67 2807 341 2869; x_wconf 88' lang='lat' dir='ltr'>debuisset,</span> <span class='ocrx_word' id='word_1_153' title='bbox 370 2806 491 2857; x_wconf 90' lang='lat' dir='ltr'>dato</span> <span class='ocrx_word' id='word_1_154' title='bbox 518 2817 764 2874; x_wconf 90' lang='lat' dir='ltr'>tempore,</span> <span class='ocrx_word' id='word_1_155' title='bbox 793 2825 887 2874; x_wconf 91' lang='lat' dir='ltr'>per</span> <span class='ocrx_word' id='word_1_156' title='bbox 911 2806 1068 2857; x_wconf 90' lang='lat' dir='ltr'>medii</span> <span class='ocrx_word' id='word_1_157' title='bbox 1094 2805 1264 2857; x_wconf 69' lang='lat' dir='ltr'>motus</span> <span class='ocrx_word' id='word_1_158' title='bbox 1292 2805 1545 2857; x_wconf 89' lang='lat' dir='ltr'>calculum</span> <span class='ocrx_word' id='word_1_159' title='bbox 1571 2806 1790 2857; x_wconf 90' lang='lat' dir='ltr'>inveniri</span> <span class='ocrx_word' id='word_1_160' title='bbox 1813 2816 2004 2875; x_wconf 88' lang='lat' dir='ltr'>posset.</span> 
     </span>
    </p>

    <p class='ocr_par' dir='ltr' id='par_1_7' title="bbox 38 2895 2223 3867">
     <span class='ocr_line' id='line_1_20' title="bbox 140 2895 2223 2967; baseline -0.002 -19"><span class='ocrx_word' id='word_1_161' title='bbox 140 2897 354 2958; x_wconf 86' lang='lat' dir='ltr'>Postea3</span> <span class='ocrx_word' id='word_1_162' title='bbox 393 2896 537 2947; x_wconf 91' lang='lat' dir='ltr'>locus</span> <span class='ocrx_word' id='word_1_163' title='bbox 564 2897 766 2967; x_wconf 84' lang='lat' dir='ltr'>apogaei</span> <span class='ocrx_word' id='word_1_164' title='bbox 794 2897 978 2958; x_wconf 88' lang='lat' dir='ltr'>Lunae,</span> <span class='ocrx_word' id='word_1_165' title='bbox 1021 2896 1161 2965; x_wconf 90' lang='lat' dir='ltr'>quod</span> <span class='ocrx_word' id='word_1_166' title='bbox 1199 2896 1252 2946; x_wconf 91' lang='lat' dir='ltr'>in</span> <span class='ocrx_word' id='word_1_167' title='bbox 1291 2896 1434 2947; x_wconf 87' lang='lat' dir='ltr'>coelis</span> <span class='ocrx_word' id='word_1_168' title='bbox 1472 2895 1641 2947; x_wconf 90' lang='lat' dir='ltr'>eidem</span> <span class='ocrx_word' id='word_1_169' title='bbox 1665 2906 1863 2965; x_wconf 90' lang='lat' dir='ltr'>puncto</span> <span class='ocrx_word' id='word_1_170' title='bbox 1901 2914 2105 2964; x_wconf 87' lang='lat' dir='ltr'>semper</span> <span class='ocrx_word' id='word_1_171' title='bbox 2144 2913 2223 2946; x_wconf 86' lang='lat' dir='ltr'>re-</span> 
     </span>
     <span class='ocr_line' id='line_1_21' title="bbox 68 2985 2223 3057; baseline -0.002 -18"><span class='ocrx_word' id='word_1_172' title='bbox 68 2988 359 3056; x_wconf 86' lang='lat' dir='ltr'>sponderet,</span> <span class='ocrx_word' id='word_1_173' title='bbox 385 2987 518 3039; x_wconf 89' lang='lat' dir='ltr'>foret</span> <span class='ocrx_word' id='word_1_174' title='bbox 537 2987 892 3057; x_wconf 85' lang='lat' dir='ltr'>requirendus,</span> <span class='ocrx_word' id='word_1_175' title='bbox 917 2986 1027 3039; x_wconf 86' lang='lat' dir='ltr'>tum</span> <span class='ocrx_word' id='word_1_176' title='bbox 1047 2987 1404 3039; x_wconf 81' lang='lat' dir='ltr'>excentricitas</span> <span class='ocrx_word' id='word_1_177' title='bbox 1425 2987 1532 3055; x_wconf 84' lang='lat' dir='ltr'>ejus</span> <span class='ocrx_word' id='word_1_178' title='bbox 1568 2986 1766 3049; x_wconf 85' lang='lat' dir='ltr'>orbitae,</span> <span class='ocrx_word' id='word_1_179' title='bbox 1797 2986 1869 3036; x_wconf 86' lang='lat' dir='ltr'>sic</span> <span class='ocrx_word' id='word_1_180' title='bbox 1895 2986 2033 3036; x_wconf 84' lang='lat' dir='ltr'>enim</span> <span class='ocrx_word' id='word_1_181' title='bbox 2055 2985 2223 3057; x_wconf 78' lang='lat' dir='ltr'>figura</span> 
     </span>
     <span class='ocr_line' id='line_1_22' title="bbox 68 3075 2218 3148; baseline 0.001 -19"><span class='ocrx_word' id='word_1_182' title='bbox 68 3075 304 3148; x_wconf 81' lang='lat' dir='ltr'>ellipseos</span> <span class='ocrx_word' id='word_1_183' title='bbox 332 3097 487 3148; x_wconf 89' lang='lat' dir='ltr'>quam</span> <span class='ocrx_word' id='word_1_184' title='bbox 516 3079 668 3129; x_wconf 90' lang='lat' dir='ltr'>Luna</span> <span class='ocrx_word' id='word_1_185' title='bbox 695 3078 940 3129; x_wconf 86' lang='lat' dir='ltr'>describit</span> <span class='ocrx_word' id='word_1_186' title='bbox 977 3078 1312 3140; x_wconf 90' lang='lat' dir='ltr'>obtineretur,</span> <span class='ocrx_word' id='word_1_187' title='bbox 1356 3089 1406 3129; x_wconf 91' lang='lat' dir='ltr'>et</span> <span class='ocrx_word' id='word_1_188' title='bbox 1444 3078 1580 3147; x_wconf 86' lang='lat' dir='ltr'>quia,</span> <span class='ocrx_word' id='word_1_189' title='bbox 1622 3078 1749 3130; x_wconf 87' lang='lat' dir='ltr'>citra</span> <span class='ocrx_word' id='word_1_190' title='bbox 1780 3077 1914 3129; x_wconf 89' lang='lat' dir='ltr'>Solis</span> <span class='ocrx_word' id='word_1_191' title='bbox 1946 3078 2218 3131; x_wconf 78' lang='lat' dir='ltr'>actionem.</span> 
     </span>
     <span class='ocr_line' id='line_1_23' title="bbox 70 3166 2221 3240; baseline 0.001 -23"><span class='ocrx_word' id='word_1_192' title='bbox 70 3166 223 3217; x_wconf 87' lang='lat' dir='ltr'>Luna</span> <span class='ocrx_word' id='word_1_193' title='bbox 248 3178 538 3219; x_wconf 83' lang='lat' dir='ltr'>moveretur</span> <span class='ocrx_word' id='word_1_194' title='bbox 565 3168 850 3220; x_wconf 74' lang='lat' dir='ltr'>secundum</span> <span class='ocrx_word' id='word_1_195' title='bbox 886 3169 1056 3240; x_wconf 83' lang='lat' dir='ltr'>legem</span> <span class='ocrx_word' id='word_1_196' title='bbox 1085 3170 1472 3238; x_wconf 85' lang='lat' dir='ltr'>Keplerianam,</span> <span class='ocrx_word' id='word_1_197' title='bbox 1512 3170 1614 3221; x_wconf 91' lang='lat' dir='ltr'>hoc</span> <span class='ocrx_word' id='word_1_198' title='bbox 1651 3181 1742 3233; x_wconf 87' lang='lat' dir='ltr'>est,</span> <span class='ocrx_word' id='word_1_199' title='bbox 1781 3171 1854 3220; x_wconf 89' lang='lat' dir='ltr'>ita</span> <span class='ocrx_word' id='word_1_200' title='bbox 1892 3179 1949 3220; x_wconf 91' lang='lat' dir='ltr'>ut</span> <span class='ocrx_word' id='word_1_201' title='bbox 1985 3179 2221 3237; x_wconf 87' lang='lat' dir='ltr'>tempora</span> 
     </span>
     <span class='ocr_line' id='line_1_24' title="bbox 69 3255 2218 3328; baseline 0 -22"><span class='ocrx_word' id='word_1_202' title='bbox 69 3255 256 3324; x_wconf 89' lang='lat' dir='ltr'>quibus</span> <span class='ocrx_word' id='word_1_203' title='bbox 275 3255 577 3308; x_wconf 88' lang='lat' dir='ltr'>durantibus</span> <span class='ocrx_word' id='word_1_204' title='bbox 599 3257 754 3309; x_wconf 89' lang='lat' dir='ltr'>Luna</span> <span class='ocrx_word' id='word_1_205' title='bbox 772 3268 1082 3321; x_wconf 88' lang='lat' dir='ltr'>moveretur,</span> <span class='ocrx_word' id='word_1_206' title='bbox 1104 3278 1211 3310; x_wconf 91' lang='lat' dir='ltr'>non</span> <span class='ocrx_word' id='word_1_207' title='bbox 1233 3259 1443 3328; x_wconf 90' lang='lat' dir='ltr'>quidem</span> <span class='ocrx_word' id='word_1_208' title='bbox 1465 3260 1567 3311; x_wconf 89' lang='lat' dir='ltr'>sint</span> <span class='ocrx_word' id='word_1_209' title='bbox 1584 3259 1996 3326; x_wconf 86' lang='lat' dir='ltr'>proportionalia</span> <span class='ocrx_word' id='word_1_210' title='bbox 2014 3257 2218 3328; x_wconf 80' lang='lat' dir='ltr'>angulis</span> 
     </span>
     <span class='ocr_line' id='line_1_25' title="bbox 69 3345 2219 3420; baseline 0 -24"><span class='ocrx_word' id='word_1_211' title='bbox 69 3364 98 3397; x_wconf 87' lang='lat' dir='ltr'>e</span> <span class='ocrx_word' id='word_1_212' title='bbox 124 3345 291 3397; x_wconf 64' lang='lat' dir='ltr'>Terra</span> <span class='ocrx_word' id='word_1_213' title='bbox 319 3348 571 3414; x_wconf 88' lang='lat' dir='ltr'>spectatis,</span> <span class='ocrx_word' id='word_1_214' title='bbox 611 3349 702 3399; x_wconf 85' lang='lat' dir='ltr'>sed</span> <span class='ocrx_word' id='word_1_215' title='bbox 729 3350 860 3401; x_wconf 90' lang='lat' dir='ltr'>areis</span> <span class='ocrx_word' id='word_1_216' title='bbox 886 3350 1171 3420; x_wconf 83' lang='lat' dir='ltr'>descriptis,</span> <span class='ocrx_word' id='word_1_217' title='bbox 1212 3351 1334 3402; x_wconf 91' lang='lat' dir='ltr'>hinc</span> <span class='ocrx_word' id='word_1_218' title='bbox 1373 3351 1462 3402; x_wconf 92' lang='lat' dir='ltr'>fiet</span> <span class='ocrx_word' id='word_1_219' title='bbox 1500 3361 1558 3401; x_wconf 91' lang='lat' dir='ltr'>ut</span> <span class='ocrx_word' id='word_1_220' title='bbox 1594 3351 1885 3402; x_wconf 85' lang='lat' dir='ltr'>differentia</span> <span class='ocrx_word' id='word_1_221' title='bbox 1921 3350 2022 3400; x_wconf 88' lang='lat' dir='ltr'>loci</span> <span class='ocrx_word' id='word_1_222' title='bbox 2051 3350 2219 3399; x_wconf 77' lang='lat' dir='ltr'>Lunae</span> 
     </span>
     <span class='ocr_line' id='line_1_26' title="bbox 67 3436 2217 3508; baseline 0 -23"><span class='ocrx_word' id='word_1_223' title='bbox 67 3453 162 3503; x_wconf 90' lang='lat' dir='ltr'>per</span> <span class='ocrx_word' id='word_1_224' title='bbox 196 3444 395 3485; x_wconf 92' lang='lat' dir='ltr'>motum</span> <span class='ocrx_word' id='word_1_225' title='bbox 430 3436 656 3487; x_wconf 90' lang='lat' dir='ltr'>medium</span> <span class='ocrx_word' id='word_1_226' title='bbox 694 3439 976 3506; x_wconf 85' lang='lat' dir='ltr'>computati</span> <span class='ocrx_word' id='word_1_227' title='bbox 1015 3440 1080 3491; x_wconf 87' lang='lat' dir='ltr'>ab</span> <span class='ocrx_word' id='word_1_228' title='bbox 1118 3441 1225 3508; x_wconf 88' lang='lat' dir='ltr'>ejus</span> <span class='ocrx_word' id='word_1_229' title='bbox 1262 3440 1378 3492; x_wconf 90' lang='lat' dir='ltr'>loco</span> <span class='ocrx_word' id='word_1_230' title='bbox 1417 3458 1555 3501; x_wconf 86' lang='lat' dir='ltr'>vero,</span> <span class='ocrx_word' id='word_1_231' title='bbox 1598 3440 1893 3490; x_wconf 88' lang='lat' dir='ltr'>obtineatur</span> <span class='ocrx_word' id='word_1_232' title='bbox 1931 3457 1997 3491; x_wconf 87' lang='lat' dir='ltr'>ex</span> <span class='ocrx_word' id='word_1_233' title='bbox 2034 3437 2217 3487; x_wconf 84' lang='lat' dir='ltr'>orbitae</span> 
     </span>
     <span class='ocr_line' id='line_1_27' title="bbox 67 3524 2217 3599; baseline 0.001 -25"><span class='ocrx_word' id='word_1_234' title='bbox 67 3524 262 3576; x_wconf 89' lang='lat' dir='ltr'>lunaris</span> <span class='ocrx_word' id='word_1_235' title='bbox 287 3525 455 3596; x_wconf 67' lang='lat' dir='ltr'>figura</span> <span class='ocrx_word' id='word_1_236' title='bbox 480 3545 574 3594; x_wconf 91' lang='lat' dir='ltr'>per</span> <span class='ocrx_word' id='word_1_237' title='bbox 599 3528 870 3580; x_wconf 88' lang='lat' dir='ltr'>methodos</span> <span class='ocrx_word' id='word_1_238' title='bbox 915 3540 1078 3593; x_wconf 86' lang='lat' dir='ltr'>notas,</span> <span class='ocrx_word' id='word_1_239' title='bbox 1125 3549 1241 3599; x_wconf 87' lang='lat' dir='ltr'>quae</span> <span class='ocrx_word' id='word_1_240' title='bbox 1267 3530 1556 3581; x_wconf 86' lang='lat' dir='ltr'>differentia</span> <span class='ocrx_word' id='word_1_241' title='bbox 1582 3530 1772 3582; x_wconf 89' lang='lat' dir='ltr'>dicitur</span> <span class='ocrx_word' id='word_1_242' title='bbox 1798 3528 2021 3598; x_wconf 87' lang='lat' dir='ltr'>aequatio</span> <span class='ocrx_word' id='word_1_243' title='bbox 2047 3527 2217 3583; x_wconf 76' lang='lat' dir='ltr'>Lunae</span> 
     </span>
     <span class='ocr_line' id='line_1_28' title="bbox 38 3615 2217 3693; baseline 0.001 -28"><span class='ocrx_word' id='word_1_244' title='bbox 38 3642 41 3645; x_wconf 57' lang='lat'><em>&gt;</em></span> <span class='ocrx_word' id='word_1_245' title='bbox 70 3615 251 3677; x_wconf 88' lang='lat' dir='ltr'>soluta,</span> <span class='ocrx_word' id='word_1_246' title='bbox 279 3615 379 3667; x_wconf 90' lang='lat' dir='ltr'>hoc</span> <span class='ocrx_word' id='word_1_247' title='bbox 406 3626 497 3678; x_wconf 91' lang='lat' dir='ltr'>est,</span> <span class='ocrx_word' id='word_1_248' title='bbox 527 3619 745 3685; x_wconf 79' lang='lat' dir='ltr'>aequatio</span> <span class='ocrx_word' id='word_1_249' title='bbox 773 3639 802 3669; x_wconf 90' lang='lat' dir='ltr'>a</span> <span class='ocrx_word' id='word_1_250' title='bbox 832 3620 952 3673; x_wconf 90' lang='lat' dir='ltr'>Sole</span> <span class='ocrx_word' id='word_1_251' title='bbox 978 3639 1084 3670; x_wconf 92' lang='lat' dir='ltr'>non</span> <span class='ocrx_word' id='word_1_252' title='bbox 1109 3621 1359 3689; x_wconf 86' lang='lat' dir='ltr'>pendens,</span> <span class='ocrx_word' id='word_1_253' title='bbox 1389 3631 1440 3672; x_wconf 88' lang='lat' dir='ltr'>et</span> <span class='ocrx_word' id='word_1_254' title='bbox 1464 3621 1779 3693; x_wconf 85' lang='lat' dir='ltr'>intelligetur</span> <span class='ocrx_word' id='word_1_255' title='bbox 1800 3620 1985 3688; x_wconf 84' lang='lat' dir='ltr'>quibus</span> <span class='ocrx_word' id='word_1_256' title='bbox 2011 3618 2064 3667; x_wconf 88' lang='lat' dir='ltr'>in</span> <span class='ocrx_word' id='word_1_257' title='bbox 2091 3618 2217 3669; x_wconf 88' lang='lat' dir='ltr'>locis</span> 
     </span>
     <span class='ocr_line' id='line_1_29' title="bbox 68 3703 2216 3782; baseline 0.001 -29"><span class='ocrx_word' id='word_1_258' title='bbox 68 3703 155 3755; x_wconf 85' lang='lat' dir='ltr'>1lla</span> <span class='ocrx_word' id='word_1_259' title='bbox 191 3706 412 3774; x_wconf 83' lang='lat' dir='ltr'>aequatio</span> <span class='ocrx_word' id='word_1_260' title='bbox 450 3706 515 3757; x_wconf 93' lang='lat' dir='ltr'>sit</span> <span class='ocrx_word' id='word_1_261' title='bbox 552 3707 848 3760; x_wconf 84' lang='lat' dir='ltr'>adhibenda</span> <span class='ocrx_word' id='word_1_262' title='bbox 885 3729 948 3761; x_wconf 80' lang='lat' dir='ltr'>ex</span> <span class='ocrx_word' id='word_1_263' title='bbox 990 3711 1089 3761; x_wconf 87' lang='lat' dir='ltr'>situ</span> <span class='ocrx_word' id='word_1_264' title='bbox 1127 3712 1335 3782; x_wconf 81' lang='lat' dir='ltr'>cognito</span> <span class='ocrx_word' id='word_1_265' title='bbox 1375 3713 1579 3780; x_wconf 83' lang='lat' dir='ltr'>apogaei</span> <span class='ocrx_word' id='word_1_266' title='bbox 1621 3711 1805 3771; x_wconf 84' lang='lat' dir='ltr'>Lunae,</span> <span class='ocrx_word' id='word_1_267' title='bbox 1849 3709 2040 3777; x_wconf 89' lang='lat' dir='ltr'>pendet</span> <span class='ocrx_word' id='word_1_268' title='bbox 2078 3708 2216 3761; x_wconf 84' lang='lat' dir='ltr'>enim</span> 
     </span>
     <span class='ocr_line' id='line_1_30' title="bbox 70 3790 2060 3867; baseline 0.003 -27"><span class='ocrx_word' id='word_1_269' title='bbox 70 3790 279 3841; x_wconf 73' lang='lat' dir='ltr'>omnino</span> <span class='ocrx_word' id='word_1_270' title='bbox 305 3810 366 3842; x_wconf 88' lang='lat' dir='ltr'>ea</span> <span class='ocrx_word' id='word_1_271' title='bbox 391 3792 683 3844; x_wconf 84' lang='lat' dir='ltr'>differentia</span> <span class='ocrx_word' id='word_1_272' title='bbox 706 3813 772 3845; x_wconf 87' lang='lat' dir='ltr'>ex</span> <span class='ocrx_word' id='word_1_273' title='bbox 798 3797 897 3847; x_wconf 83' lang='lat' dir='ltr'>situ</span> <span class='ocrx_word' id='word_1_274' title='bbox 926 3798 1093 3848; x_wconf 89' lang='lat' dir='ltr'>Lunae</span> <span class='ocrx_word' id='word_1_275' title='bbox 1120 3799 1173 3847; x_wconf 91' lang='lat' dir='ltr'>in</span> <span class='ocrx_word' id='word_1_276' title='bbox 1200 3798 1326 3850; x_wconf 87' lang='lat' dir='ltr'>orbe</span> <span class='ocrx_word' id='word_1_277' title='bbox 1353 3817 1447 3848; x_wconf 90' lang='lat' dir='ltr'>suo</span> <span class='ocrx_word' id='word_1_278' title='bbox 1476 3808 1712 3867; x_wconf 89' lang='lat' dir='ltr'>respectu</span> <span class='ocrx_word' id='word_1_279' title='bbox 1737 3798 1939 3867; x_wconf 81' lang='lat' dir='ltr'>apogaei</span> <span class='ocrx_word' id='word_1_280' title='bbox 1967 3796 2060 3847; x_wconf 89' lang='lat' dir='ltr'>sui.</span> 
     </span>
    </p>
   </div>
   <div class='ocr_carea' id='block_1_6' title="bbox 160 3880 2215 4013">
    <p class='ocr_par' dir='ltr' id='par_1_8' title="bbox 160 3880 2215 4013">
     <span class='ocr_line' id='line_1_31' title="bbox 160 3880 2215 3956; baseline 0.002 -22"><span class='ocrx_word' id='word_1_281' title='bbox 160 3880 356 3934; x_wconf 74' lang='lat' dir='ltr'>Tertio.</span> <span class='ocrx_word' id='word_1_282' title='bbox 449 3883 804 3945; x_wconf 87' lang='lat' dir='ltr'>Quaerendum</span> <span class='ocrx_word' id='word_1_283' title='bbox 856 3886 986 3939; x_wconf 84' lang='lat' dir='ltr'>foret</span> <span class='ocrx_word' id='word_1_284' title='bbox 1035 3888 1492 3949; x_wconf 87' lang='lat' dir='ltr'>observationibus,</span> <span class='ocrx_word' id='word_1_285' title='bbox 1544 3887 1729 3956; x_wconf 91' lang='lat' dir='ltr'>quibus</span> <span class='ocrx_word' id='word_1_286' title='bbox 1780 3887 1834 3937; x_wconf 92' lang='lat' dir='ltr'>in</span> <span class='ocrx_word' id='word_1_287' title='bbox 1884 3886 2010 3937; x_wconf 85' lang='lat' dir='ltr'>locis</span> <span class='ocrx_word' id='word_1_288' title='bbox 2061 3885 2215 3940; x_wconf 79' lang='lat' dir='ltr'>Luna</span> 
     </span>
     <span class='ocr_line' id='line_1_32' title="bbox 1097 3976 1179 4013; baseline -0.012 0"><span class='ocrx_word' id='word_1_289' title='bbox 1097 3976 1130 4013; x_wconf 90' lang='lat' dir='ltr'>A</span> <span class='ocrx_word' id='word_1_290' title='bbox 1156 3980 1179 4012; x_wconf 79' lang='lat'>2</span> 
     </span>
    </p>
   </div>
  </div>
 </body>
</html>
