2540 4296
77 300 585 377 LIBERTERT11is.]
633 301 1036 358 PRINCIPIA
1074 297 1697 355 MATHEMATICA.
2131 295 2229 341 145

81 455 263 527 gulum
289 453 339 505 A
369 454 406 505 S
436 452 497 515 C,
526 450 580 502 id
607 447 702 512 est,
727 458 784 500 ut
812 449 849 500 S
877 448 928 499 N
955 447 1021 498 ad
1053 448 1089 499 S
1118 446 1198 498 M.
1276 445 1456 506 Quare
1482 445 1535 496 A
1564 445 1609 496 C
1644 451 1722 494 est
1747 440 1813 492 ad
1852 436 2228 509 longitudinem

80 545 134 595 in
160 551 403 612 tangente
429 539 755 608 descriptam,
784 546 842 588 ut
871 537 908 588 S
931 556 968 596 u
995 535 1061 587 ad
1091 536 1128 588 S
1156 535 1224 586 N.
1304 532 1442 584 Cum
1472 543 1647 585 autem
1671 531 1913 584 velocitas
1941 537 2157 579 cometae
2182 526 2236 576 in

82 631 355 684 altitudine
384 630 421 682 S
450 629 494 680 P
521 629 587 679 sit
624 631 740 696 (per
768 625 943 677 Corol.
973 633 1021 677 6.
1052 625 1212 692 Prop.
1241 622 1400 674 XVI.
1430 622 1549 674 Lib.
1579 622 1645 688 I.)
1686 621 1753 673 ad
1779 621 1886 689 ejus
1912 617 2238 670 velocitatem

80 723 135 774 in
173 722 443 774 altitudine
483 721 520 773 S
543 741 596 782 μ,
633 718 689 768 in
715 714 1075 785 subduplicata
1102 715 1302 766 ratione
1342 715 1379 766 S
1408 713 1453 766 P
1479 714 1547 765 ad
1575 715 1613 766 S
1635 734 1673 774 μ,
1709 709 1928 773 inverse,
1969 709 2024 760 id
2049 717 2142 770 est,
2182 706 2238 757 in

82 814 282 866 ratione
311 817 347 868 S
362 835 399 875 ,ω
424 813 490 865 ad
519 814 556 865 S
574 812 627 864 N
641 831 655 874 3
697 810 750 881 (¹)
777 810 1051 881 longitudo
1074 810 1173 860 hac
1199 808 1466 860 velocitate
1493 808 1677 860 eodem
1703 819 1937 875 tempore
1963 802 2239 871 descripta,

84 905 181 956 erit
206 904 273 955 ad
297 902 676 975 longitudinem
700 901 756 952 in
783 910 1028 972 tangente
1054 898 1384 967 descriptam,
1413 907 1472 948 ut
1500 899 1537 950 S
1561 919 1597 958 μ,
1622 897 1690 948 ad
1718 897 1755 949 S
1779 896 1846 947 N.
1925 893 2094 964 Igitur
2122 892 2172 943 A
2196 890 2241 941 C

84 1003 136 1045 et
172 992 444 1063 longitudo
480 991 580 1042 hac
617 989 752 1042 nova
790 990 1060 1042 velocitate
1098 987 1375 1057 descripta,
1404 983 1524 1037 cum
1551 986 1653 1037 sint
1679 985 1746 1036 ad
1770 982 2162 1054 longitudinem·
2188 980 2243 1030 in

83 1090 327 1152 tangente
352 1080 662 1148 descriptam
688 1079 742 1130 in
768 1078 951 1132 eadem
977 1078 1193 1142 ratione,
1222 1086 1497 1147 aequantur
1519 1077 1655 1127 inter
1681 1094 1749 1126 se.
1829 1074 1898 1135 Q.
1926 1092 1971 1124 e.
1999 1072 2051 1123 d.

157 1173 219 1244 (Β)
261 1176 426 1227 Corol.
469 1174 687 1226 Cometa
723 1172 881 1244 igitur
918 1170 979 1224 ea
1018 1190 1138 1223 cum
1173 1170 1460 1233 velocitate,
1501 1187 1657 1240 quam
1694 1167 1852 1218 habet
1884 1164 1939 1215 in
1973 1161 2245 1215 altitudine

92 1265 129 1318 S
153 1286 189 1326 μ
221 1276 274 1330 -1-
309 1264 343 1330 553
369 1264 395 1316 I
419 1284 471 1327 μ,
511 1262 696 1315 eodem
720 1272 957 1331 tempore
982 1259 1298 1313 describeret
1323 1258 1572 1311 chordam
1607 1259 1660 1310 A
1688 1257 1733 1309 C
1759 1250 2171 1326 quamproxime.

941 1402 1237 1456 LEMMA
1277 1403 1384 1455 XI.

86 1546 144 1601 Si
167 1552 353 1597 cometa
377 1550 510 1594 motu
532 1545 666 1594 omni
679 1544 917 1610 privatus
943 1544 1005 1594 de
1028 1543 1299 1595 altitudine
1328 1544 1366 1596 S
1393 1541 1447 1594 N
1472 1560 1557 1595 seu
1584 1542 1622 1594 S
1646 1561 1683 1602 ,αι
1702 1538 1756 1593 ÷
1784 1540 1817 1610 {1
1843 1539 1871 1591 I
1897 1559 1933 1599 μ
1969 1539 2250 1591 demittere-

158 1648 257 1702 tur,
286 1647 342 1689 ut
366 1639 565 1688 caderet
590 1637 645 1687 in
671 1637 847 1699 Solem,
884 1644 933 1688 et
957 1633 1018 1687 ed
1042 1654 1231 1703 semper
1256 1638 1307 1687 vi
1330 1635 1648 1703 uniformiter
1670 1630 1966 1684 continuata?
1990 1639 2252 1700 urgeretur

158 1730 214 1779 in
240 1729 415 1790 Solem,
456 1725 555 1795 qud
580 1735 786 1795 urgetur
810 1726 901 1779 sub
928 1727 1080 1778 initio
1099 1755 1120 1786 ;
1163 1728 1292 1778 idem
1317 1728 1512 1779 semisse
1536 1726 1785 1792 temporis,
1827 1741 1921 1791 quo
1947 1725 2002 1774 in
2027 1724 2144 1774 orbe
2167 1740 2253 1774 suo

162 1819 397 1870 describit
432 1835 599 1868 arcum
636 1816 688 1868 A
719 1817 781 1881 C,
823 1819 1054 1870 descensu
1088 1835 1176 1870 suo
1219 1818 1518 1900 describeret
1559 1816 1774 1884 spatium
1817 1816 2127 1883 longitudini
2159 1813 2185 1865 I
2217 1834 2255 1874 ,ω

161 1909 369 1976 (equale.

165 2050 305 2101 Nam
344 2059 561 2113 cometa,
602 2069 707 2120 quo
744 2059 980 2120 tempore
1006 2051 1253 2104 describit
1277 2070 1454 2103 arcum
1489 2049 1842 2120 parabolicum
1886 2049 1936 2100 A
1966 2049 2028 2111 C,
2070 2048 2254 2100 eodem

90 2147 323 2207 tempore
361 2136 422 2189 ea
462 2156 582 2189 cum
618 2138 905 2216 velocitate,
946 2158 1103 2209 quam
1138 2138 1298 2191 habet
1332 2140 1388 2191 in
1426 2139 1700 2191 altitudine
1743 2140 1780 2191 S
1810 2138 1854 2190 P
1895 2142 2010 2206 (per
2037 2137 2258 2188 Lemma

89 2228 449 2293 novissimum)
478 2227 737 2279 describet
762 2228 1013 2280 chordam
1041 2229 1092 2282 A
1123 2229 1185 2292 C,
1214 2229 1438 2300 ideoque
1478 2235 1590 2297 (per
1619 2228 1796 2281 Corol.
1826 2233 1876 2283 7.
1908 2228 2067 2295 Prop.
2098 2207 2256 2278 XVI.

92 2316 212 2368 Lib.
255 2316 322 2381 I.)
365 2315 551 2368 eodem
590 2324 829 2385 tempore
871 2317 928 2368 in
965 2317 1176 2381 circu10,
1220 2319 1366 2388 cujus
1404 2317 1810 2369 semi-diameter
1847 2327 1983 2367 esset
2028 2316 2065 2367 S
2105 2315 2166 2377 P,
2209 2314 2261 2365 vi

92 2407 356 2479 gravitatis
394 2426 500 2458 suae
537 2408 872 2472 revolvendo,
913 2408 1230 2460 describeret
1267 2427 1463 2471 arcum,
1518 2409 1663 2477 cujus
1706 2406 1981 2477 longitudo
2020 2414 2155 2456 esset
2192 2404 2260 2456 ad

94 2497 245 2549 arcfis
282 2497 568 2567 parabolici
604 2496 855 2548 chordam
893 2498 945 2549 A
974 2498 1036 2560 C,
1077 2498 1131 2548 in
1169 2496 1528 2567 subduplicata
1555 2498 1755 2549 ratione
1781 2495 1990 2547 unitatis
2017 2493 2084 2544 ad
2113 2494 2262 2544 bina·-

93 2588 246 2639 rium.
325 2588 395 2639 Et
430 2596 709 2656 propterea
735 2605 797 2639 eo
826 2605 944 2638 cum
969 2587 1220 2656 pondere,
1262 2587 1405 2657 quod
1438 2587 1598 2637 habet
1622 2586 1676 2636 in
1707 2585 1883 2637 Solem
1910 2584 1961 2634 in
1990 2583 2262 2634 altitudine

52 2697 58 2705 ·
101 2678 139 2729 S
167 2676 228 2739 P,
270 2675 506 2728 cadendo
544 2675 610 2726 de
648 2675 920 2726 altitudine
958 2674 1045 2726 illa
1085 2676 1141 2726 in
1181 2676 1372 2739 Solem,
1414 2675 1731 2727 describeret
1770 2673 1981 2724 semisse
2012 2672 2262 2740 temporis

96 2765 235 2817 illius
283 2766 361 2835 ((¹)
402 2785 497 2835 per
545 2765 721 2817 Corol.
767 2774 816 2819 9.
862 2766 1022 2835 Prop.
1064 2767 1162 2819 IV.
1202 2767 1320 2818 Lib.
1361 2767 1428 2832 I.)
1482 2766 1707 2835 spatium
1756 2764 1956 2835 aequale
2008 2763 2263 2833 quadrato

98 2855 322 2909 semissis
361 2856 575 2908 chordae
612 2856 751 2908 illius
791 2857 1051 2926 applicato
1087 2857 1155 2909 ad
1193 2857 1545 2929 quadruplum
1583 2857 1866 2909 altitudinis
1909 2858 1945 2909 S
1974 2857 2036 2919 P,
2077 2856 2131 2907 id
2169 2867 2261 2920 est,

370 2949 550 3033 Q.
611 2975 703 3053 (ω)
745 2982 906 3036 Unde
944 2981 1064 3036 cum
1100 2984 1309 3054 pondus
1348 2994 1565 3038 cometae
1601 2985 1657 3037 in
1699 2985 1875 3038 Solem
1911 2985 1968 3037 in
1993 2983 2265 3036 altitudine

100 2981 324 3052 spatium
364 3042 396 3086 4
429 3036 465 3087 S
495 3056 532 3097 μ

101 3212 259 3265 aequalis
278 3184 329 3286 ἐ-
351 3213 375 3253 Ι
394 3231 437 3264 μ,
458 3221 497 3254 et
516 3222 574 3255 est
593 3214 644 3254 M
664 3232 692 3266 μ
711 3232 769 3253 =
788 3234 819 3268 μ
839 3218 862 3256 Ι
883 3219 1011 3270 (num.
1038 3216 1157 3267 139).
1210 3185 1792 3292 ἷὲἓξῖῗξῖἓῦυὲξξῗΐῗῖσωοω
1812 3184 2011 3235 descriptae
2030 3190 2123 3222 sunt
2140 3190 2185 3222 ut
2202 3195 2268 3221 ve·

107 3331 244 3378 Quare
265 3333 314 3372 M
329 3334 370 3372 N
389 3350 446 3371 =
465 3306 512 3364 -ff-
550 3335 572 3373 I
609 3352 653 3385 μ.
732 3336 808 3375 Est
839 3336 961 3388 igitur
989 3335 1159 3386 spatium
1269 3310 1328 3363 (k)
1347 3313 1367 3335 ᾖ
1389 3313 1509 3350 σογοι·
1572 3311 1614 3349 Si
1637 3312 1663 3349 S
1680 3328 1723 3360 μ’
1745 3311 1794 3371 ⁵³?
1812 3309 2024 3376 {dmo‘hmi
2045 3321 2188 3359 magna
2207 3320 2269 3345 re·

481 3374 506 3407 3
1215 3373 1349 3412 spectu
1367 3382 1397 3413 μ
1421 3366 1473 3410 Ν,
1504 3372 1579 3402 tres
1598 3374 1833 3415 geometrice
1853 3362 2158 3412 proportionales
2179 3361 2206 3399 S
2224 3379 2266 3411 μ,

104 3426 331 3458 contentum
352 3421 424 3458 sub
442 3420 688 3473 longitudine
707 3421 900 3472 descripta
917 3424 958 3461 in
976 3431 1161 3475 tangente
1218 3418 1245 3456 S
1260 3418 1313 3464 N,
1338 3419 1364 3456 S
1384 3419 1430 3464 P,
1451 3426 1565 3456 erunt
1579 3420 1695 3457 etiam
1710 3415 1948 3455 arithmetice
1968 3414 2272 3464 proportionales

105 3479 145 3510 et
162 3473 265 3510 recta
287 3473 313 3511 S
341 3490 384 3523 μ,
413 3474 463 3511 ad
490 3476 658 3522 spatium
678 3485 904 3514 contentum
925 3478 998 3515 sub
1018 3474 1162 3515 chorda
1214 3468 1520 3521 (ῙῑίθῐὩΡΥΟΧίῐῐὶὲ,
1549 3471 1591 3509 id
1609 3481 1667 3511 est
1690 3473 1725 3509 N
1747 3471 1793 3515 P,
1815 3469 2030 3520 aequabitui·
2056 3486 2086 3517 μ
2108 3468 2162 3515 N,
2192 3468 2271 3505 Sive

109 3525 150 3563 A
173 3526 218 3572 C,
239 3533 278 3565 et
294 3523 401 3564 recta
431 3527 458 3564 S
478 3527 539 3573 M,
569 3537 614 3566 ut
637 3529 663 3567 S
684 3529 733 3566 M
754 3529 807 3582 -}-
831 3530 880 3568 Μ
902 3531 943 3568 Ν
970 3530 1021 3568 ad
1051 3531 1078 3569 S
1098 3531 1160 3576 M,
1216 3525 1346 3563 trienti
1372 3526 1493 3575 ipsius
1522 3525 1544 3563 I
1563 3543 1606 3575 μ,
1634 3524 1801 3576 ide6que
1827 3541 1858 3573 μ
1882 3524 1927 3569 Ρ,
1948 3521 2107 3572 aequalis
2132 3535 2270 3573 quam-

104 3578 178 3616 hoc
197 3586 265 3623 est,
283 3587 328 3617 ut
349 3580 376 3618 S
399 3580 434 3616 N
455 3580 504 3617 ad
527 3582 553 3619 S
575 3582 646 3620 M:
683 3582 799 3620 Unde
818 3583 849 3620 si
868 3583 1075 3634 longitudo
1093 3584 1161 3622 de·
1315 3612 1325 3621 .
1376 3611 1388 3625 t
1433 3584 1457 3616 2
1491 3612 1502 3620 .
1552 3613 1561 3621 .
1925 3609 1937 3622 x
2228 3614 2232 3618 .

108 3631 248 3680 scripta
275 3633 317 3670 in
344 3640 528 3683 tangente
555 3634 708 3673 dicatur
737 3635 786 3681 L,
816 3636 888 3674 erit
908 3636 944 3674 L
971 3639 1015 3683 χ
1042 3637 1068 3675 S
1086 3655 1117 3686 μ
1146 3652 1156 3676 :
1214 3624 1392 3661 proxime
1420 3636 1471 3684 -3-
1489 3625 1612 3662 ipsms
1646 3613 1668 3651 I
1701 3629 1745 3664 μ.
1807 3612 1940 3656 Quare
1964 3615 2070 3659 patet
2098 3606 2272 3647 Corolla-

110 3685 150 3723 A
173 3686 205 3724 C
228 3689 272 3731 Χ
309 3686 336 3723 S
358 3686 403 3723 M
423 3702 480 3722 =
506 3687 532 3724 S
550 3688 589 3725 N
611 3703 620 3726 ι
650 3689 676 3726 S
690 3688 751 3732 M,
772 3687 938 3739 ideoque
958 3690 1163 3740 longitudo
1216 3698 1332 3741 rium,

107 3736 299 3789 descripta
324 3738 366 3775 in
394 3747 577 3790 tangente
605 3741 677 3779 erit
695 3741 746 3779 ad
764 3742 948 3780 chordam
979 3742 1018 3780 A
1042 3744 1089 3790 C,
1120 3752 1164 3782 ut
1273 3752 1323 3804 (ι)
1355 3756 1377 3778 2*
1409 3756 1489 3793 Per
1519 3757 1637 3794 Conl-
1663 3760 1699 3795 9·
1734 3757 1853 3804 Prop.
1879 3755 1954 3792 IV·
1986 3753 2073 3791 Lib·
2099 3753 2135 3790 J,
2197 3748 2277 3788 Vel

108 3791 196 3856 ΞΞῘ
219 3824 268 3863 ad
298 3792 387 3853 Q
421 3826 495 3864 hoc
513 3835 581 3874 est,
602 3835 649 3866 ut
671 3829 698 3866 S
714 3828 756 3866 N
774 3827 825 3866 ad
846 3828 872 3867 S
889 3846 933 3878 po.
1217 3819 1286 3856 per
1303 3819 1414 3845 num.
1440 3812 1531 3846 201.
1556 3808 1729 3858 ejusdem
1752 3809 1840 3846 Lib.

114 3858 141 3896 S
168 3874 199 3905 μ
299 3855 401 3897 SM,
1272 3860 1340 3912 (¹¹¹)
1373 3863 1393 3885 ¹*
1431 3860 1542 3901 Unde}
1569 3861 1658 3901 cilm
1680 3865 1838 3912 pondus
1866 3868 2032 3900 cometae.
2096 3858 2276 3899 Gravitas

164 3908 217 3962 (ἰ)
246 3912 269 3935 ’““
299 3913 530 3963 Longitudo.
591 3913 698 3953 Nam
729 3913 995 3967 longitudities
1026 3915 1163 3956 iisdem
1217 3914 1464 3954 acceleratrix
1495 3923 1658 3955 cometae
1690 3928 1822 3954 versus
1855 3915 1985 3954 Solem
2018 3915 2060 3953 in
2092 3910 2277 3953 distantia

1143 3985 1233 4026 K4
