2540 4296
175 269 360 321 Lama
389 268 691 331 ‘rm-ms]
775 261 1179 317 PRINCIPIA
1218 222 1839 313 MATHEMATICA}
2228 267 2325 314 201

170 410 303 465 nihil
339 409 536 480 patitur
571 426 639 459 ex
676 422 958 475 corporum
993 403 1251 454 motibus:
1289 402 1378 453 illa
1415 401 1612 453 nullam
1639 401 1869 453 sentiunt
1894 399 2237 452 resistentiam
2264 421 2331 453 ex

173 496 597 568 omnipraesentia,
644 495 745 548 dei.
846 493 1026 547 Deum
1078 511 1339 545 summum
1386 490 1679 543 necessario
1730 492 1951 543 existere
1995 490 2050 541 in
2093 491 2330 543 confesso

173 601 279 645 est:
331 600 383 642 et
430 589 614 642 eadem
661 585 968 640 necessitate
1017 604 1207 653 semper
1256 593 1333 636 est
1383 592 1436 635 et
1483 584 1676 652 ubique.
1789 582 1949 635 Unde
1994 582 2148 633 etiam
2192 592 2331 634 totus

173 692 251 735 est
277 682 357 733 sui
388 680 582 745 similis,
622 688 761 732 totus
800 677 998 740 oculus,
1027 687 1167 729 totus
1204 676 1361 739 auriS,
1391 683 1530 727 totus
1557 676 1845 739 cerebrum,
1875 686 2014 727 totus
2039 673 2329 737 brachium,

171 780 313 822 totus
349 771 426 822 vis
465 766 736 830 sentiendi,
789 767 1131 838 intelligendi,
1171 775 1225 817 et
1260 763 1466 837 agendi,
1514 764 1606 816 sed
1641 782 1789 816 more
1824 764 2038 816 minime
2079 764 2327 827 humanO,

170 879 319 913 more
366 856 580 912 minime
641 875 913 927 corporeO,
976 875 1123 909 more
1173 855 1325 909 nobis
1385 872 1601 925 prorsus
1649 855 1932 927 incognito.
2034 855 2114 910 Ut
2163 874 2332 908 caecus

170 971 279 1004 non
315 952 474 1005 habet
508 950 679 1002 ideam
709 950 958 1016 colorum,
998 950 1071 1002 sic
1104 968 1201 1002 nos
1237 948 1409 1001 ideam
1446 966 1554 999 non
1590 947 1842 1001 habemus
1880 949 2175 1013 modorum,
2218 951 2333 1020 qui-

171 1045 270 1096 bus
314 1045 442 1096 deus
492 1043 902 1112 sapientissimus
947 1042 1102 1094 sentit
1141 1051 1194 1094 et
1241 1039 1484 1112 intelligit
1527 1041 1718 1092 omnia.
1810 1040 2047 1109 Corpore
2088 1041 2233 1092 omni
2282 1051 2335 1093 et

172 1131 343 1204 figura
383 1131 636 1202 corporea
673 1150 890 1202 prorsus
929 1132 1245 1195 destituitur,
1283 1130 1508 1200 ideoque
1546 1128 1711 1181 videri
1746 1116 1866 1180 non'
1890 1140 2078 1199 potest,
2118 1149 2216 1182 nec
2241 1150 2335 1182 au-

172 1223 290 1286 diri,
332 1242 430 1275 nec
467 1224 627 1294 tangi,
668 1239 777 1275 nec·
803 1224 899 1275 sub
938 1214 1109 1292 specie
1145 1223 1221 1275 rei
1258 1221 1474 1291 alicujus
1502 1239 1770 1291 corporeae
1795 1221 1896 1273 coli
1934 1222 2103 1274 debet.
2181 1221 2333 1274 Ideas

169 1313 421 1364 habemus
459 1313 825 1377 attributorum
859 1313 989 1382 ejus,
1030 1310 1122 1363 sed
1158 1310 1286 1382 quid
1324 1312 1402 1363 sit·
1431 1311 1507 1363 rei
1543 1311 1761 1381 alicujus
1799 1310 2087 1381 substantia
2119 1310 2333 1363 minime

172 1400 550 1472 cognoscimus.
642 1399 895 1452 Videmus
935 1398 1139 1452 tantum
1180 1418 1462 1469 corporum
1501 1399 1697 1471 figuras
1741 1410 1794 1452 et
1832 1399 2048 1464 coloreS,
2095 1400 2335 1452 audimus

169 1490 376 1543 tantum
414 1509 587 1555 sonos,
634 1491 895 1562 tangimus
938 1489 1144 1544 tantum
1188 1491 1489 1560 superficies
1526 1502 1786 1556 externaS,
1833 1491 2104 1544 olfacimus
2146 1492 2334 1545 odores

172 1581 328 1644 80105,
358 1590 409 1634 et
433 1589 703 1652 gustamus
729 1599 970 1650 sapores:
1010 1581 1218 1633 intimas
1244 1580 1557 1633 substantias
1583 1581 1729 1632 nullo
1757 1600 1927 1645 sensu,
1961 1581 2103 1633 nulla
2131 1582 2335 1634 actione

171 1672 365 1725 reflexa
408 1672 801 1744 cognoscimus;
858 1681 910 1724 et
951 1657 1335 1724 multo‘minus
1373 1671 1546 1722 ideam
1587 1669 1842 1722 habemus
1884 1670 2188 1723 substantiae
2232 1671 2334 1723 dei.

174 1760 344 1813 Hunc
382 1760 744 1832 cognoscimus
782 1760 1110 1812 solummodo
1147 1779 1243 1829 per
1266 1758 1610 1829 proprietates
1638 1759 1745 1828 ejus
1772 1769 1822 1811 et
1848 1759 2110 1822 attributa,
2153 1769 2204 1811 et
2240 1778 2337 1829 per

171 1851 574 1920 sapientissimas
600 1860 653 1902 et
677 1849 898 1919 optimas
924 1867 1100 1901 rerum
1126 1858 1407 1901 structura-s
1434 1858 1485 1900 et
1511 1866 1689 1901 causas
1717 1848 1916 1912 finaleS,
1941 1852 1992 1903 et
2017 1849 2338 1901 admiramur

176 1941 246 1993 ob
281 1939 655 2010 perfectiones;
699 1957 1011 1991 veneramur
1047 1948 1221 1990 autem
1260 1949 1312 1990 et
1350 1937 1568 1989 colimus
1607 1938 1675 1989 ob
1714 1938 2020 1991 dominium.
2101 1939 2337 1992 Colimus

173 2032 314 2093 enim
350 2039 410 2082 ut
446 2028 598 2092 servi,
639 2037 692 2080 et
717 2027 848 2081 deus
873 2028 984 2080 sine
1009 2027 1257 2091 dom-iniO,
1285 2025 1629 2096 providentia,
1669 2038 1722 2080 et
1749 2029 1912 2080 causis
1939 2029 2183 2082 finalibus
2208 2029 2340 2081 nihil

172 2119 316 2172 aliud
353 2128 433 2170 est
469 2116 626 2188 quam
662 2116 828 2170 fatum
854 2127 906 2170 et
928 2126 1131 2169 natura.
1210 2117 1261 2170 A
1299 2114 1436 2168 caeca
1462 2117 1768 2170 necessitate
1804 2118 2177 2189 metaphysica,
2218 2139 2337 2190 quae

171 2211 350 2280 utique
387 2210 568 2262 eadem
605 2216 687 2262 est
725 2227 930 2279 semper
966 2219 1019 2261 et
1053 2209 1264 2280 ubique,
1304 2207 1448 2260 nulla
1484 2208 1651 2261 oritur
1685 2228 1861 2261 rerum
1885 2210 2119 2263 variatio·
2197 2211 2337 2263 Tota

170 2318 350 2352 rerum
388 2299 717 2351 conditarum
751 2317 851 2368 pro
886 2298 1014 2350 locis
1040 2317 1100 2350 ac
1125 2298 1449 2367 temporibus
1477 2297 1765 2362 diversitaS,
1795 2296 1861 2350 ab
1887 2299 2034 2362 ideis,
2075 2309 2126 2351 et
2151 2300 2338 2352 volun-

172 2399 281 2440 tate
319 2389 453 2440 entis
491 2387 784 2439 necessario
823 2387 1089 2439 existentis
1130 2388 1458 2440 solummodo
1497 2388 1624 2440 oriri
1660 2388 1846 2457 potuit.
1924 2390 2136 2442 Dicitur
2161 2401 2335 2442 autem

175 2479 304 2530 deus
341 2497 438 2548 per
476 2478 780 2550 allegoriam
817 2478 1008 2543 videre,
1050 2478 1247 2542 audire,
1286 2479 1448 2550 loqui,
1489 2480 1677 2543 ridere,
1700 2544 1711 2553 Ἰ
1724 2500 1913 2545 amare,
1961 2482 2083 2533 odio
2120 2482 2332 2545 habere,

174 2587 383 2638 cupere,
411 2569 553 2633 dare,
583 2569 836 2638 accipere,
866 2569 1111 2641 gaudere,
1139 2570 1307 2634 irasci,
1336 2589 1590 2642 pugnare,
1619 2558 1890 2636 fabricare,
1931 2573 2172 2636 condere,
2214 2593 2338 2625 con-

172 2668 388 2710 struere.
467 2658 608 2710 Nam
646 2665 818 2710 s'ermo
857 2659 1024 2711 omnis
1063 2659 1129 2711 de
1166 2658 1267 2711 deo
1292 2679 1324 2711 a
1347 2660 1502 2711 rebus
1536 2659 1777 2712 humanis
1812 2679 1909 2730 per
1946 2662 2338 2714 similitudinem

184 2750 411 2820 aliquam
437 2749 742 2813 desumitur,
770 2768 877 2802 non
902 2749 1184 2819 perfectam
1210 2750 1436 2821 quidem,
1466 2750 1558 2803 sed
1584 2751 1859 2822 aliqualem
1884 2763 2079 2805 tamen..
2127 2754 2199 2807 Et
2222 2754 2337 2807 haec

174 2839 241 2891 de
267 2840 405 2902 De0,
434 2839 500 2890 de
526 2858 630 2910 quo
655 2839 834 2910 utique
860 2858 927 2892 ex
951 2839 1313 2909 phaenomenis
1332 2839 1601 2905 disserere,
1623 2840 1691 2892 ad
1715 2840 2101 2912 philosophiam
2126 2853 2336 2896 natura-

171 2928 276 2979 lem
301 2929 542 2996 pertinet.

271 3018 549 3070 Hactenus
591 3016 939 3087 phaenomena
978 3018 1231 3070 coelorum
1274 3027 1326 3071 et
1368 3019 1527 3071 maris
1570 3019 1734 3072 nostri
1772 3038 1869 3089 per
1911 3020 2016 3072 vim
2066 3020 2336 3092 gravitatis

172 3107 409 3175 exposui,
440 3107 533 3158 sed
558 3124 768 3159 causam
793 3107 1061 3179 gravitatis
1087 3107 1324 3159 nondum
1351 3108 1623 3180 assignavi.
1703 3108 1889 3162 Oritur
1914 3110 2095 3180 utique
2120 3108 2234 3161 haec
2258 3111 2337 3162 vis

174 3216 205 3248 a
243 3198 397 3250 causa
435 3198 625 3269 aliqua,
667 3217 784 3268 quae
820 3211 1060 3269 penetrat
1086 3200 1153 3252 ad
1179 3219 1342 3260 usque
1370 3210 1547 3253 centra
1580 3200 1716 3253 Solis
1754 3211 1805 3252 et
1841 3201 2186 3270 planetarum,
2228 3202 2338 3254 sine

172 3288 377 3370 virtutis
404 3290 781 3353 diminutione3
821 3310 1042 3362 quaeque
1068 3305 1177 3363 agit
1201 3310 1310 3343 non
1333 3310 1432 3361 pro
1459 3292 1746 3362 quantitate
1769 3294 2139 3360 supefficie7·um
2176 3294 2337 3361 parti-

174 3374 427 3445 cularum,
467 3381 523 3432 in
560 3400 688 3452 quas
725 3383 835 3454 agit
873 3386 954 3452 (ut
993 3383 1162 3444 solent
1200 3401 1372 3435 causae
1406 3383 1745 3450 mechanicae)
1786 3384 1876 3435 sed
1913 3402 2012 3452 pro
2052 3386 2338 3454 quantitate

170 3471 405 3522 materiae
441 3473 618 3523 solida?
636 3501 656 3532 ;
698 3481 751 3525 et
787 3474 933 3543 cujus
974 3474 1109 3525 actio
1145 3473 1201 3525 in
1235 3474 1514 3527 immensas
1541 3475 1811 3526 distantias
1837 3474 2071 3546 undique
2099 3478 2336 3529 extendi-

171 3571 273 3623 tur,
314 3561 663 3614 decrescendo
691 3582 896 3633 semper
932 3563 987 3615 in
1025 3564 1286 3633 duplicata
1313 3567 1513 3619 ratione
1540 3566 1919 3620 distantiarum.
2001 3568 2243 3621 Gravitas
2281 3570 2336 3622 in

175 3651 352 3705 Solem
389 3655 721 3723 componitur
759 3674 823 3708 ex
861 3657 1202 3727 gravitatibus
1238 3658 1294 3709 in
1333 3658 1561 3730 singulas
1591 3658 1727 3711 Solis
1764 3659 2064 3727 particulaS,
2106 3671 2162 3728 et¹
2193 3680 2336 3714 rece-

176 3743 351 3795 dendo
393 3763 423 3797 a
472 3747 595 3800 Sole
621 3747 877 3801 decrescit
918 3747 1158 3811 accurate
1198 3750 1252 3801 in
1297 3749 1559 3820 duplicata
1611 3750 1808 3803 ratione
1858 3752 2219 3805 distantiarum
2270 3753 2338 3805 ad
