2540 4296
303 308 404 353 164·

296 443 508 495 retinuit
532 443 743 513 quidem
765 442 937 492 locum
962 441 1222 492 nodorum
1245 441 1299 491 in
1325 451 1377 483 ΞΒ

802 297 1367 353 PHILOSOPHIAE
1408 299 1858 353 NATURALIS
1921 300 2038 365 [DE
2057 300 2433 354 MUND.SYs⁷r.

1406 449 1457 491 et
1480 444 1534 492 ¹6⁷
1565 446 1650 492 18¹.
1679 442 1779 493 53'.
1809 450 1859 491 et
1883 440 2266 492 inclinationem
2295 441 2436 509 plani

293 532 478 583 orbitae
515 531 583 582 ad
619 530 909 598 eclipticam
947 536 1075 583 6182
1102 531 1235 597 203.
1275 538 1334 579 ut
1358 537 1409 580 et
1432 522 1634 597 tempus
1669 527 1906 597 perihelii
1941 537 2154 580 cometae
2180 529 2432 581 Decemb.

296 620 368 672 8¹¹.
397 619 468 672 0¹¹.
495 621 547 670 4‘
567 639 579 670 ε
618 618 915 670 distantiam
948 616 1072 669 vero
1106 617 1344 686 perihelii

1379 636 1410 669 a
1444 617 1586 668 nodo
1618 618 1926 669 ascendente
1949 618 2001 668 in
2029 618 2196 669 orbita
2221 623 2435 670 cometae

294 718 643 760 mensuratam
667 707 863 757 invenit
885 725 997 758 esse
1023 712 1109 759 93¹2
1138 707 1239 759 20'.
1267 715 1317 757 et
1341 705 1473 757 latus
1500 714 1698 759 rectum
1721 706 1983 775 parabolae
2009 724 2118 757 esse
2142 712 2281 758 2430
2316 724 2434 774 par·-

293 798 439 860 tium,
467 795 720 848 existente
745 794 993 846 mediocri
1022 795 1157 847 Solis
1183 815 1215 847 a
1241 794 1409 847 Terr&
1438 794 1677 848 distantia
1706 797 1930 864 partium
1971 803 2197 848 100000.

291 957 572 1007 magnitudine.
660 957 854 996 Praeterea
889 957 1003 996 datur
1038 956 1157 995 etiam
1197 957 1239 994 D
1280 958 1334 1004 A,

289 1009 408 1060 quare
437 1018 528 1048 nota
553 1018 611 1049 est
636 1012 733 1049 ratio
760 1012 860 1049 inter
890 1011 916 1048 S
938 1012 977 1048 A
996 1018 1034 1048 et
1055 1010 1093 1047 A
1117 1010 1169 1054 D,
1199 1009 1239 1047 id
1265 1020 1335 1056 est,

288 1064 388 1102 inter
414 1063 567 1102 radium
593 1071 632 1103 et
658 1064 789 1103 sinum
820 1071 969 1102 rectum
1000 1062 1136 1114 anguli
1168 1062 1206 1102 A
1229 1063 1256 1101 S
1278 1064 1332 1110 D,

282 2034 399 2072 quem
419 2023 563 2062 scilicet
585 2023 611 2062 S
634 2021 672 2061 A
691 2034 783 2060 cum
801 2033 872 2061 axe
889 2022 1188 2072 comprehendit,
1217 2021 1328 2062 ideo-

282 2089 359 2125 que
377 2076 490 2114 datur
508 2076 676 2127 angulus
700 2076 780 2114 ille.
839 2076 915 2114 Sed
934 2076 1023 2115 data
1041 2085 1097 2114 est
1127 2078 1154 2114 S
1176 2077 1214 2113 A
1243 2077 1329 2114 lon-

282 2129 472 2179 gitudine,
502 2128 620 2179 quare
639 2136 753 2167 recten
776 2129 802 2167 S
825 2129 863 2166 A
883 2129 1089 2180 longitudo
1108 2137 1146 2167 et
1167 2129 1332 2168 inclina-

282 2184 339 2219 tio
358 2182 407 2219 ad
425 2195 537 2220 axem
556 2182 707 2220 calculo
726 2182 972 2220 determinari
998 2189 1170 2232 possunt.

337 2238 427 2273 158.
464 2235 623 2273 Referat
642 2239 692 2288 gl
715 2253 742 2273 ω
763 2235 813 2279 V,
836 2243 996 2273 cometae
1015 2235 1271 2285 trajectoriam
1291 2235 1332 2273 in

282 2288 395 2338 cujus
414 2288 597 2325 umbilico
623 2290 650 2328 S
675 2288 887 2327 collocatur
908 2289 985 2334 Sol,
1016 2289 1140 2339 sitque
1159 2306 1185 2326 ω
1207 2301 1332 2337 punc-

279 2349 367 2378 tum
386 2341 491 2390 quod
502 2348 652 2379 cometa
665 2342 865 2389 occupavit
876 2341 917 2377 in
932 2342 1003 2379 ali-

279 2392 359 2443 quai
389 2395 529 2432 harum
564 2395 871 2433 observationum
907 2407 1002 2444 qua-

277 2459 368 2483 rum
397 2459 470 2496 ope
496 2448 709 2499 trajectoria
735 2447 894 2485 definita
915 2447 1004 2486 fuit.

281 2500 527 2550 Trajectoriae
559 2500 677 2551 hujus
704 2501 753 2539 sit
783 2500 866 2539 axis
898 2500 938 2539 V
960 2500 1002 2538 X

277 2554 467 2601 positione
498 2553 637 2601 datus3
665 2553 878 2593 innotescat
902 2560 1002 2592 tem-

277 2619 353 2654 pus
383 2618 462 2657 quo
490 2615 641 2644 cometa
669 2607 712 2645 in
742 2606 1002 2656 perihelio·V

278 2668 459 2706 versatur,
480 2660 605 2711 sitque
624 2664 675 2714 ,st
694 2661 745 2710 ‘15
765 2660 866 2698 linea
879 2658 1001 2698 nodo-

279 2724 367 2749 rum
379 2713 566 2761 positione
579 2715 747 2766 cognita.
787 2713 828 2752 Si
841 2720 1003 2755 cometae

277 2766 490 2816 trajectoria
515 2767 671 2806 inventa
694 2767 813 2805 fuerit
839 2768 1001 2815 parabo-

276 2818 363 2863 lica,
391 2820 563 2868 capiatur
580 2821 747 2870 spatium
764 2820 869 2870 quod
886 2820 935 2857 sit
953 2819 1003 2857 ad

277 2872 445 2919 spatium
476 2890 503 2910 ω
538 2873 576 2910 V
612 2874 649 2921 S,
685 2874 885 2924 cognitum
916 2874 1002 2923 (per

281 2925 423 2972 Theop.
449 2926 526 2964 IV.
555 2926 604 2965 de
631 2926 782 2976 parab·)
810 2933 856 2963 ut
882 2926 1001 2963 inter-

276 2978 424 3016 vallum
463 2979 563 3017 inter
603 2988 756 3029 tempus
791 2978 924 3017 datum
961 2986 1001 3016 et

277 3030 393 3080 supra
425 3031 625 3070 inventum
650 3031 906 3070 momentum'
921 3043 1002 3082 quo

278 3093 427 3122 cometa
472 3087 699 3133 perihelium
742 3085 908 3135 attingit,
950 3083 1000 3122 ad

276 3137 523 3188 intervallum
551 3140 652 3177 inter
668 3139 895 3187 praedictum
914 3149 999 3174 mo-

275 3199 455 3228 mentum
509 3199 547 3230 et
590 3191 893 3230 observationem
937 3202 1001 3227 co.
1092 3233 1103 3242 ·
1340 3212 1346 3215 -

275 3251 392 3282 :metae
428 3244 487 3295 Lin
536 3260 588 3293 ω;
652 3252 816 3293 ponatur
869 3244 1036 3292 spatium
1089 3232 1190 3271 111οἆ
1233 3232 1323 3270 dam

278 3297 489 3344 rectilineo,
522 3298 618 3348 puta
648 3300 673 3336 b
703 3300 740 3343 b,
774 3297 934 3347 aequale.
993 3292 1151 3331 Deinde
1189 3285 1321 3338 (157·)

277 3350 351 3399 ipsi
364 3352 388 3387 b
400 3352 425 3389 b
439 3353 585 3402 aequale
606 3351 847 3400 fiat-spatium
860 3348 1123 3398 parabolicum
1140 3339 1262 3376 VRA
1281 3340 1319 3385 S,

278 3412 318 3440 et
335 3404 552 3442 inveniatur
570 3414 649 3443 tam
667 3405 805 3453 positio
823 3402 943 3453 quam
960 3397 1193 3452 magnitudo
1209 3401 1323 3431 rectae

282 3457 310 3494 S
332 3457 370 3493 A
400 3467 576 3507 respectu
611 3460 638 3496 S
660 3459 710 3504 V,
742 3457 854 3508 cujus
880 3455 1018 3504 positio
1037 3461 1075 3492 et
1094 3446 1323 3511 magnitqtffo

277 3520 453 3558 respectu
481 3511 671 3549 distantiae
702 3509 843 3559 aphelii
878 3510 1011 3547 Terrae
1039 3521 1062 3545 a
1097 3502 1184 3541 Sole
1213 3512 1320 3549 prius

278 3571 381 3600 notae
400 3572 500 3602 sunt.
563 3566 619 3602 At
638 3565 668 3601 si
696 3570 855 3601 cometoe
878 3561 1091 3613 trajectoria
1109 3554 1320 3603 deprehen·

279 3615 393 3653 datur
419 3617 599 3667 elliptica,
628 3629 695 3666 per
711 3614 912 3654 methodos
933 3616 974 3651 in
998 3614 1115 3662 Prop.
1139 3606 1316 3667 XXXI·

281 3669 370 3706 Lib.
399 3669 430 3706 Ι.
455 3671 657 3720 exposita5‚
692 3670 856 3707 ducatur
889 3677 989 3706 recta
1024 3667 1050 3704 S
1081 3666 1131 3707 Aa
1161 3659 1251 3720 ¹8¹¹?
1274 3664 1319 3696 ut

279 3734 368 3759 area
388 3723 427 3759 V
443 3725 481 3762 R
501 3727 538 3762 A
554 3724 592 3770 S,
613 3724 662 3760 sit
679 3722 729 3760 ad
743 3730 861 3759 totam
878 3721 1055 3770 ellipseos
1067 3727 1207 3756 aream,
1222 3718 1321 3748 Slcut

278 3775 523 3814 intervallum
552 3777 651 3814 inter
676 3783 828 3824 tempus
852 3774 987 3811 datum
1014 3779 1054 3809 et
1080 3773 1321 3808 momentum

278 3840 357 3879 quo
382 3829 610 3876 perihelium
637 3835 799 3876 occupat
824 3827 1018 3878 integrum
1044 3828 1204 3861 cometae
1222 3826 1318 3879 tefu-

280 3898 353 3935 pus
379 3882 616 3932 periodicum
642 3881 748 3932 quod
773 3892 821 3918 ex
850 3879 939 3917 dato
965 3876 1099 3916 orbitae
1126 3880 1321 3913 cometicae

2274 796 2344 847 Et
2368 815 2434 848 ex

1396 970 1467 996 axe
1482 957 1679 1008 principali
1694 958 1894 1009 cognitum
1908 967 1977 1007 est,
1993 959 2218 1010 dabiturque
2231 965 2335 997 recta
2351 958 2378 996 S
2396 959 2433 995 A

1396 1019 1475 1048 tam
1495 1012 1682 1060 positione
1700 1012 1817 1062 quarn
1834 1013 2114 1063 magnitudine.
2174 1012 2202 1051 J
2204 1025 2266 1049 am
2285 1009 2374 1049 vero
2393 1011 2435 1047 in

1394 1072 1561 1115 utroque
1591 1077 1682 1102 casu
1711 1077 1758 1102 ex
1786 1068 1826 1103 A
1843 1065 1894 1103 ad
1917 1065 2108 1103 nodorum
2134 1064 2276 1102 lineam
2308 1065 2358 1112 ’Β
2380 1068 2430 1116 «Q.

1394 1117 1565 1167 erigatur
1583 1117 1766 1155 normalis
1797 1118 1836 1155 A
1858 1118 1910 1164 N,
1939 1126 2052 1156 rectae
2080 1118 2131 1167 ‘15‘
2153 1123 2205 1171 gl
2232 1131 2435 1156 occurrens

1390 1170 1435 1210 in
1456 1171 1497 1208 N
1512 1185 1524 1217 ;
1554 1182 1601 1207 ex
1620 1170 1755 1208 eodem
1777 1171 1828 1217 A,
1849 1170 1896 1208 ad
1915 1171 2100 1219 eclipticae
2116 1172 2277 1221 planum
2297 1172 2435 1209 demit-

1393 1230 1497 1261 tatur
1514 1223 1833 1272 perpendiculum
1852 1223 1979 1261 eidem
1997 1232 2109 1262 rectae
2120 1237 2324 1263 occurrens
2342 1225 2381 1261 in
2397 1238 2431 1270 a,

1387 1276 1680 1327 jungamurque
1698 1290 1721 1314 a
1742 1278 1795 1322 N,
1816 1289 1839 1313 a
1860 1277 1898 1323 S,
1918 1277 1991 1315 erit
2008 1278 2178 1328 angulus
2199 1279 2237 1315 A
2260 1278 2300 1315 N
2319 1291 2352 1323 a,
2373 1278 2434 1314 in-

1393 1329 1549 1367 clinatio
1567 1330 1672 1378 plani
1691 1330 1914 1380 trajectoriae
1933 1329 1983 1368 ad
2006 1331 2169 1379 planum
2187 1330 2370 1378 eclipticae
2389 1343 2433 1368 ac

1392 1382 1553 1431 proinde
1572 1383 1750 1433 cognitus
1778 1382 1908 1434 (146).
1970 1383 2127 1421 Deinde
2145 1384 2327 1434 quoniam
2353 1384 2434 1421 noti

1393 1444 1485 1472 sunt
1508 1436 1644 1486 anguli
1673 1436 1711 1474 V
1733 1436 1760 1473 S
1782 1437 1833 1482 A,
1869 1436 1913 1480 V,
1929 1436 1957 1474 S
1977 1436 2030 1483 N,
2059 1445 2175 1475 notus
2193 1435 2346 1486 quoque
2364 1437 2434 1474 erit

1393 1489 1562 1539 angulus
1590 1490 1631 1527 N
1654 1489 1681 1526 S
1705 1491 1753 1534 A,
1781 1490 1919 1526 horum
1948 1502 2101 1527 summa
2123 1490 2184 1528 vel
2202 1490 2428 1527 differentia.

1397 1540 1531 1585 Quare
1561 1541 1602 1578 in
1631 1542 1827 1592 triangulo
1857 1542 2084 1592 rectangulo
2122 1543 2160 1580 N
2192 1557 2216 1581 a
2249 1543 2301 1588 A,
2335 1542 2433 1580 datis

1392 1594 1509 1632 latere
1529 1595 1570 1632 N
1590 1594 1644 1641 A,
1671 1604 1710 1633 et
1728 1595 1874 1645 angulo
1904 1596 1942 1632 A
1965 1596 2006 1632 N
2024 1609 2059 1641 a,
2087 1595 2325 1634 innotescent
2345 1595 2431 1632 rcli-

1391 1660 1469 1697 qua
1495 1647 1614 1685 latera
1643 1648 1683 1685 N
1710 1661 1733 1685 a
1754 1656 1792 1686 et
1814 1650 1851 1685 A
1872 1661 1908 1686 a.
1967 1648 2159 1687 Praeterea
2177 1649 2218 1686 in
2238 1648 2432 1698 triangulo

1391 1701 1616 1752 rectangulo
1650 1701 1677 1738 S
1698 1701 1739 1739 N
1758 1714 1791 1745 a,
1823 1701 1964 1739 dantur
1994 1701 2113 1740 latera
2147 1703 2174 1740 S
2204 1703 2244 1740 N
2273 1709 2312 1739 et
2346 1702 2386 1738 N
2410 1714 2434 1738 a

1389 1752 1554 1804 ideoque
1571 1754 1767 1792 dabuntur
1791 1754 1892 1791 latus
1922 1754 1949 1792 S
1967 1760 2000 1799 a.
2029 1762 2069 1792 et
2087 1755 2255 1805 angulus
2286 1755 2325 1791 N
2348 1756 2374 1792 S
2393 1768 2427 1792 a.

1393 1807 1470 1845 Sed
1489 1809 1621 1859 (145.)
1642 1807 1756 1845 datur
1774 1807 1912 1856 positio
1930 1815 2044 1845 rectae
2073 1809 2101 1846 S
2122 1809 2176 1855 N,
2205 1820 2322 1858 quare
2341 1817 2433 1845 nota

1387 1861 1460 1898 erit
1477 1860 1616 1910 positio
1634 1868 1746 1897 rectae
1770 1861 1796 1898 S
1815 1874 1850 1906 a,
1869 1861 1943 1898 hoc
1962 1868 2030 1906 est,
2049 1869 2209 1900 cometae
2227 1860 2432 1910 longitudo

1386 1913 1669 1959 heliocentrica,
1697 1913 1776 1951 sive
1802 1913 2099 1963 locus-fcometae
2121 1913 2428 1959 heliocentricus‚

1387 1966 1437 2003 ad
1463 1966 1676 2015 eclipticam
1700 1966 1893 2006 reductus.
1954 1967 2139 2017 Denique
2169 1967 2210 2004 in
2235 1966 2431 2015 triangulo

1389 2019 1418 2057 S
1440 2020 1479 2057 A
1497 2033 1521 2057 a
1539 2019 1765 2070 rectangulo
1790 2020 1840 2057 ad
1858 2033 1893 2065 a,
1912 2027 2004 2057 nota
2030 2028 2121 2058 sunt
2147 2020 2278 2058 omnia
2299 2019 2428 2065 latera,

1385 2085 1430 2110 ac
1460 2072 1620 2121 proinde
1657 2073 1810 2111 dabitur
1844 2072 2011 2123 angulus
2056 2075 2094 2110 A
2130 2075 2157 2112 S
2188 2087 2222 2119 a,
2266 2072 2430 2109 latitudo

1385 2135 1547 2164 cometae
1587 2125 1867 2163 heliocentrica·
1940 2126 2006 2164 Ex
2042 2126 2102 2163 his
2137 2138 2290 2177 quoque
2326 2133 2431 2173 patet

1384 2179 1550 2216 vicissim
1574 2178 1737 2216 inveniri
1756 2191 1864 2227 posse
1891 2186 2044 2227 tempus
2074 2191 2152 2230 quo
2182 2186 2331 2217 cometa
2360 2176 2429 2216 da-

1384 2239 1472 2270 tum
1497 2232 1539 2269 in
1567 2233 1659 2271 orbe
1683 2244 1755 2270 suo
1783 2232 1911 2270 locum
1940 2238 2055 2272 tenet·

1434 3234 1522 3271 159.
1555 3230 1701 3269 Iisdem
1728 3230 1975 3268 manentibus
1990 3228 2040 3263 sit
2069 3226 2105 3263 B
2127 3224 2164 3263 T
2187 3223 2289 3262 orbis
2307 3235 2416 3273 mag-

1377 3297 1464 3331 nuS,
1485 3285 1609 3335 sitque
1626 3283 1761 3322 Tellus
1776 3282 1819 3319 in
1840 3282 1877 3319 T
1894 3280 1944 3318 ad
1961 3287 2113 3327 tempus
2126 3278 2272 3315 datum.
2312 3276 2339 3315 J
2344 3288 2417 3313 un-

1377 3347 1520 3389 gantur
1547 3338 1584 3375 T
1607 3341 1659 3383 A,
1682 3336 1720 3374 T
1738 3348 1774 3381 a,
1793 3334 1864 3372 erit
1881 3333 2042 3382 planum
2060 3330 2243 3381 trianguli
2265 3330 2301 3366 T
2322 3332 2360 3365 A
2380 3341 2414 3372 a,

1376 3391 1427 3428 ad
1455 3390 1615 3439 planum
1648 3388 1834 3438 eclipticae
1864 3385 2038 3424 normale
2068 3384 2204 3435 (Prop.
2239 3381 2417 3419 XV111.

1378 3444 1468 3482 Lib.
1493 3443 1575 3481 XI.
1603 3442 1762 3491 Eleia).
1820 3440 1913 3479 Jam
1940 3438 1982 3475 in
2000 3436 2195 3487 triangulo
2215 3436 2252 3473 T
2274 3435 2301 3472 S
2318 3447 2353 3479 a,
2374 3433 2414 3470 in

1372 3497 1489 3545 plano
1516 3495 1700 3544 eclipticae
1721 3494 1834 3532 datur
1857 3492 1958 3530 latus
1987 3491 2014 3528 S
2032 3504 2068 3536 a,
2100 3488 2229 3540 (158),
2258 3495 2413 3524 notum-

1374 3562 1450 3600 que
1469 3556 1525 3587 est
1541 3549 1643 3586 latus
1663 3548 1691 3586 S
1711 3547 1759 3593 T,
1779 3558 1827 3583 ex
1844 3543 1992 3583 theoria
2008 3542 2187 3586 Telluris,
2207 3549 2245 3578 et
2263 3548 2414 3577 utrum-

1374 3615 1451 3653 que
1482 3601 1583 3639 latus
1611 3601 1652 3638 in
1682 3600 1854 3649 partibus
1876 3595 2081 3635 mediocris
2106 3593 2294 3632 distantiae
2321 3591 2412 3630 Tel-

1371 3654 1468 3693 luris
1498 3667 1522 3691 a
1556 3653 1644 3691 Sole
1669 3663 1889 3700 expressum
1916 3651 2089 3687 habetur.
2148 3646 2339 3684 Praeterea
2362 3644 2412 3680 ob

1372 3709 1491 3746 latera
1508 3707 1575 3744 illa
1591 3705 1780 3754 positione
1793 3702 1960 3753 cognita,
1981 3701 2094 3739 datur
2104 3697 2271 3748 angulus
2286 3697 2321 3734 T
2336 3697 2362 3734 S
2374 3710 2409 3742 a,

1375 3763 1423 3799 ab
1450 3760 1527 3797 illis
1558 3758 1865 3806 comprehensus,
1898 3752 2016 3805 quare
2045 3753 2283 3789 innotescent
2310 3749 2411 3786 latus

1376 3815 1413 3852 T
1427 3827 1462 3859 a,
1482 3821 1521 3850 et
1538 3811 1706 3861 angulus
1728 3811 1754 3848 S
1770 3810 1806 3848 T
1817 3822 1867 3854 a;
1895 3807 1963 3844 sed
1980 3805 2093 3844 datur
2113 3804 2149 3841 T
2164 3802 2191 3840 S
2209 3802 2410 3850 positione,

1374 3878 1513 3916 nempe
1530 3865 1639 3903 locus
1660 3862 1760 3902 Solis
1776 3860 1827 3901 ad
1844 3868 1996 3909 tempus
2012 3857 2160 3903 datum,
2186 3863 2278 3893 nota
2293 3854 2411 3907 igitur

2528 2256 2531 2257 ¹
2528 1993 2540 2185 mansuer-uam.
2532 1864 2540 1983 A·.-AA...·A11..
2534 1831 2540 1855 f...
2532 1778 2540 1823 ....1a.
