2540 4296
98 309 282 361 Limzu
308 306 606 371 Taurios]
685 303 1083 359 PRINCIPIA
1125 304 1741 360 MATHEMATICA.

2167 319 2229 363 15

98 452 162 520 (¹³)
207 460 258 502 et
296 449 434 520 quod
460 461 731 502 curvatura
756 448 993 517 ellipseos
1032 449 1086 499 in
1128 449 1178 500 A
1216 449 1280 500 sit
1316 450 1384 500 ad
1423 460 1750 503 curvaturam
1775 451 1954 502 circuli
1978 452 2131 515 illius,
2172 454 2229 505 in

94 537 351 606 duplicata
379 539 575 590 ratione
602 538 654 590 T
678 537 728 588 A
754 537 820 587 ad
846 536 898 587 T
927 536 1003 597 C;
1044 547 1095 587 et
1134 537 1194 605 (⁰)
1235 547 1507 589 curvatura
1532 540 1709 590 circuli
1735 539 1870 589 illius
1896 539 1962 590 ad
1988 549 2228 592 curvatu-

92 644 203 676 ram
228 626 404 677 circuli
430 636 606 678 centro
633 625 684 676 T
708 623 975 675 intervallo
1003 624 1054 675 T
1082 624 1126 675 C
1152 624 1408 692 descripti,
1438 635 1495 676 ut
1518 624 1570 677 T
1598 627 1644 678 C
1676 627 1737 678 ad
1773 627 1824 679 T
1850 627 1928 688 A;
1970 627 2034 695 (P)
2073 626 2226 696 hujus

90 724 261 765 autern
287 723 559 765 curvatura
583 713 650 764 ad
675 721 1002 763 curvaturam
1027 712 1264 780 ellipseos
1291 712 1343 763 in
1375 712 1436 775 C,
1477 713 1531 763 in
1568 714 1827 782 duplicata
1855 717 2054 766 ratione
2093 715 2146 767 T
2173 717 2224 768 A

89 803 156 854 ad
184 803 224 854 Ἰ
262 803 338 864 C3
379 803 442 871 (¹³)
470 811 521 854 et
545 801 832 853 differentia
856 801 991 852 inter
1016 809 1341 851 curvaturam
1367 801 1606 869 ellipseos
1632 803 1685 853 in
1711 804 1900 855 vertice
1940 804 1986 856 C
2023 813 2075 856 et
2104 822 2222 855 cur-

88 902 320 944 vaturam
345 891 521 942 circuli
545 889 826 953 novissimi,
867 890 932 941 ad
967 889 1310 941 differentiam
1336 890 1470 941 inter
1495 900 1823 942 curvaturam
1847 893 2031 963 figurae
2058 893 2105 944 C
2128 911 2165 960 p
2190 912 2221 944 a

85 981 141 1030 in
176 979 366 1031 vertice
406 979 451 1030 C
489 988 540 1030 et
577 988 902 1029 curvaturam
928 977 1158 1046 ejusdem
1184 977 1378 1041 circuli,
1418 978 1474 1029 in
1510 978 1768 1047 duplicata
1807 980 2006 1032 ratione
2042 982 2218 1051 anguli

91 1066 137 1118 C
163 1067 216 1118 T
237 1085 273 1135 p
299 1065 365 1117 ad
390 1066 637 1136 angulum
666 1066 712 1117 C
739 1065 790 1116 T
817 1065 878 1116 P.
931 1064 1066 1125 Quae
1092 1065 1301 1134 quidem
1327 1065 1551 1117 rationes
1578 1083 1645 1117 ex
1671 1066 1882 1118 sinubus
1908 1067 2217 1137 angulorum

81 1153 344 1206 contactus
370 1172 429 1205 ac
454 1154 854 1205 differentiarum
883 1153 1194 1224 angulorum
1217 1152 1365 1204 facile
1390 1153 1719 1225 colliguntur.

79 1293 211 1332 circuli
230 1292 723 1352 qtmr-mnsivenr
749 1300 816 1330 aut
839 1292 878 1330 R
899 1292 1117 1338 Nadmr,

78 1346 195 1384 simili
213 1347 328 1384 modo
355 1353 459 1396 patet
485 1345 589 1396 quod
617 1353 820 1383 curvatura
848 1345 983 1383 circuli
1010 1345 1119 1383 radio

80 1400 118 1438 T
139 1402 176 1437 A
196 1399 372 1448 descripti
400 1406 456 1437 est
474 1398 524 1437 ad
541 1398 796 1436 differentiam
815 1399 914 1436 inter
941 1407 1119 1436 curvatu-

75 1464 160 1490 ram
173 1452 348 1501 ellipseos
361 1452 402 1490 in
417 1452 555 1490 vertice
572 1452 611 1489 A
632 1459 669 1490 et
684 1460 927 1489 curvaturam
943 1451 1115 1503 ejusdem

75 1505 208 1543 circuli
241 1513 286 1543 ut
320 1506 369 1543 M
393 1506 430 1543 R
449 1506 498 1543 ad
521 1507 558 1543 N
583 1506 633 1543 R.
690 1504 863 1556 Ideoque
894 1504 1115 1554 compositis

73 1558 284 1596 rationibus
328 1559 543 1597 differentia
578 1558 677 1596 inter
721 1567 967 1596 curvaturam
1011 1558 1115 1595 orbis

78 1611 111 1649 C
143 1625 168 1660 p
200 1625 224 1649 a
251 1612 292 1649 in
318 1626 342 1649 a
368 1620 407 1649 et
439 1619 681 1650 curvaturam
712 1610 846 1649 circuli
874 1609 981 1649 radio
1015 1610 1053 1649 T
1074 1613 1112 1648 A

72 1663 263 1713 descripti,
297 1672 353 1703 est
383 1664 433 1703 ad
461 1664 715 1703 differentiam
742 1665 842 1702 inter
868 1671 1112 1702 curvaturam

72 1716 247 1764 ellipseos
264 1718 305 1755 in
328 1718 366 1755 A
396 1725 435 1755 et
452 1725 694 1756 curvaturam
714 1717 886 1768 ejusdem
905 1716 1040 1755 circuli
1067 1724 1112 1754 ut

74 1769 121 1807 M
138 1770 189 1815 R,
206 1770 306 1808 adm
320 1783 349 1816 r,
366 1772 439 1808 hoc
450 1778 518 1816 est,
536 1771 646 1822 (Cor.
663 1774 696 1808 1.
716 1771 826 1808 Lem.
845 1771 925 1808 XI.
945 1769 1033 1807 Lib.
1049 1769 1107 1819 Ι.)

69 1821 111 1859 in
137 1823 285 1860 ratione
303 1821 498 1872 duplicata
525 1823 635 1862 arcus
669 1825 707 1861 R
729 1824 766 1861 A
796 1823 846 1860 ad
874 1836 1007 1860 arcum
1035 1836 1054 1859 r
1072 1837 1107 1869 a,

68 1875 146 1912 sive
184 1877 268 1926 (per
303 1877 446 1926 const.)
483 1876 524 1914 in
560 1877 706 1915 ratione
742 1874 938 1926 duplicata
972 1875 1108 1927 anguli

73 1928 105 1966 C
128 1929 164 1974 T
184 1929 220 1966 P
237 1929 286 1967 ad
305 1929 496 1979 angulum
518 1930 550 1968 C
573 1930 609 1968 T
625 1944 659 1980 p.

122 1994 179 2046 (³)
218 1999 236 2018 ⁸⁸
268 1998 324 2034 Ec
350 1999 450 2046 quod
467 2004 674 2035 curvatura
692 1998 856 2046 ellipseos
882 1996 923 2033 in
951 2000 1002 2039 A,
1031 1995 1101 2033 διο.

71 2047 288 2086 Curvatura
305 2048 480 2097 ellipseos
497 2049 539 2085 in
563 2050 598 2087 A
620 2057 677 2087 est
695 2048 744 2086 ad
763 2056 1005 2086 curvaturam
1032 2047 1105 2085 cir-

67 2099 146 2137 culi
177 2100 285 2138 radio
320 2102 356 2139 T
378 2102 416 2139 A
449 2101 628 2151 descripti
658 2103 700 2139 in
732 2102 880 2139 ratione
914 2101 961 2138 M
985 2101 1024 2138 N
1055 2099 1105 2139 ad

68 2154 117 2191 M
143 2155 203 2201 R3
233 2153 396 2192 ducatur
414 2153 502 2192 vero
523 2155 564 2193 N
587 2155 628 2192 X
647 2156 822 2205 tangenti
853 2153 1046 2203 parallela,
1067 2162 1106 2192 et

65 2207 127 2244 axi
146 2220 348 2246 occurrens
366 2208 408 2244 in
430 2208 484 2253 X,
506 2216 543 2246 et
561 2208 702 2257 pariter
724 2209 762 2245 R
780 2208 823 2254 Z,
844 2207 916 2245 erit
929 2219 998 2255 per
1015 2219 1104 2255 pro-

64 2260 262 2308 prietatem
284 2260 458 2308 ellipseos
490 2261 526 2299 A
552 2262 593 2299 X
617 2267 656 2307 ><
683 2261 725 2299 X
749 2262 784 2299 B
813 2260 863 2298 ad
893 2260 931 2297 N
955 2260 996 2297 X
1014 2259 1033 2285 2
1060 2266 1104 2308 ut

67 2313 104 2352 T
126 2315 162 2350 A
179 2313 199 2338 2
227 2313 276 2351 ad
309 2314 345 2351 T
366 2311 482 2360 C,²et
509 2328 576 2363 per
594 2315 861 2363 proprietatem
879 2312 1013 2351 circuli
1032 2313 1104 2351 erit

67 2369 103 2404 A
121 2367 152 2404 Z
170 2372 210 2413 ><
230 2367 260 2404 Ζ
278 2367 314 2404 Β
330 2382 385 2403 =
405 2368 443 2405 R
461 2368 492 2405 Z
508 2366 539 2414 2,
560 2368 626 2406 sed
643 2369 735 2418 quia
752 2374 961 2405 sumuntur
979 2380 1103 2416 quan-

63 2419 188 2457 titates
202 2428 399 2458 nascentes
416 2428 474 2458 est
492 2421 528 2458 A
547 2421 589 2459 X
604 2436 660 2457 =
680 2422 726 2459 M
744 2421 797 2467 N,
817 2421 854 2458 A
870 2420 970 2457 Z=
984 2420 1033 2457 Μ
1051 2421 1102 2467 R,

66 2472 1102 2522 XB==AB=ZBetNX=RZ,quibus

62 2524 251 2563 valoribus
283 2539 353 2564 suo
384 2526 470 2564 loco
501 2527 714 2565 substitutis
748 2526 872 2575 prima
907 2526 1102 2575 proportio

62 2578 381 2625 evaditMN><
409 2578 1094 2625 AB2MR><AB=:TA2:

65 2631 101 2669 T
123 2632 155 2670 C
171 2631 190 2656 ²
208 2629 371 2683 ide6que
389 2639 446 2670 est
467 2634 512 2670 M
536 2633 574 2670 N
592 2633 642 2670 ad
663 2633 709 2670 M
730 2633 780 2677 R,
801 2633 881 2670 sive
898 2639 1102 2669 curvatura

61 2683 235 2733 ellipseos
261 2684 310 2723 ad
337 2693 581 2723 curvaturam
600 2684 734 2723 circuli
758 2686 799 2722 in
827 2682 1023 2734 duplicata
1040 2697 1101 2722 ra-

60 2736 164 2775 tione
185 2738 222 2776 T
243 2737 281 2775 A
300 2738 350 2776 ad
371 2738 408 2777 T
431 2738 477 2777 C.

113 2802 169 2854 (⁰)
192 2804 214 2827 ¹*
235 2804 449 2841 Curvatura
469 2805 614 2849 circuli,
630 2803 699 2840 &c-
743 2801 849 2840 Nam
868 2801 1100 2839 circulorum

59 2862 271 2946 ουὶναῐυτω
288 2861 380 2893 sunt
397 2854 545 2893 inverse
562 2863 607 2894 ut
625 2867 762 2893 eorum
771 2854 868 2893 radii
888 2856 986 2906 (not.
1008 2859 1096 2893 121.

60 2907 111 2946 L1
139 2934 150 2945 .
177 2907 233 2957 Ι.)
463 2905 473 2916 ’

113 2959 169 3014 (⁹)
205 2964 226 2983 ⁸
249 2960 385 3010 Hujus
410 2968 539 3001 autem
557 2969 763 3000 curvatura
792 2967 917 3010 potest
935 2960 1096 2998 demon-

59 3014 166 3051 strari
180 3025 227 3051 eo
240 3013 323 3061 ipso
337 3013 454 3052 modo
463 3027 541 3065 quo
552 3013 897 3052 demonstravimus
910 3015 1096 3051 rationem

59 3073 272 3104 curvaturae
289 3066 418 3116 ellipse·
426 3080 465 3105 os
490 3067 532 3105 in
561 3067 600 3105 A
626 3067 679 3105 ad
701 3075 944 3105 curvaturam
962 3066 1095 3105 circuli

59 3118 166 3157 radio
187 3120 223 3157 T
246 3120 282 3155 A
303 3118 481 3168 descripti
503 3122 601 3172 (not.
625 3119 678 3169 ¹²).

114 3171 171 3224 (q)
210 3174 230 3196 ¹*
254 3174 307 3210 Et
326 3175 581 3226 differentiam
600 3175 697 3212 inter
725 3180 972 3213 curvaturam
989 3175 1094 3223 ellip-

59 3238 135 3264 seos
152 3227 194 3264 in
212 3228 346 3263 vertice
368 3229 407 3272 C,
427 3227 498 3264 &c.
557 3226 845 3264 Demonstratio
862 3224 942 3263 fere
961 3226 1095 3263 eadem

60 3285 117 3316 est
147 3290 191 3315 ac
222 3277 264 3313 in
294 3276 388 3315 nota
420 3278 488 3328 (¹¹²)
503 3293 512 3317 ε
544 3285 676 3317 centro
709 3279 744 3317 C
771 3277 974 3316 intervallo
1002 3279 1039 3316 T
1062 3279 1095 3316 C

58 3330 292 3369 describatur
308 3330 441 3369 circuli
458 3344 568 3369 arcus
590 3332 622 3370 C
640 3332 678 3370 R
692 3343 722 3377 r,
742 3331 791 3369 sit
808 3344 919 3369 arcus
940 3331 974 3370 C
990 3331 1029 3369 R
1045 3330 1094 3369 ad

59 3395 193 3421 arcum
215 3384 247 3421 C
266 3394 298 3428 r,
316 3382 358 3419 in
376 3383 521 3422 ratione
534 3384 669 3435 anguli
687 3385 720 3423 C
737 3384 774 3422 T
788 3384 823 3422 Ρ
842 3383 892 3421 ad
905 3383 1096 3433 angulum

63 3437 96 3475 C
115 3436 151 3474 T
164 3448 191 3484 p
208 3435 371 3473 ducatur
388 3443 549 3487 tangens
568 3438 599 3476 C
614 3437 662 3475 M
675 3449 729 3483 m,
749 3444 788 3475 et
806 3435 902 3475 radii
924 3437 960 3474 T
977 3436 1016 3474 R.
1033 3436 1094 3481 M,

62 3489 99 3527 T
116 3501 136 3525 r
152 3500 193 3525 m
210 3500 376 3538 quorum
395 3490 498 3538 prior
514 3497 690 3528 occurrat
707 3489 830 3539 ellipsi
856 3489 897 3526 in
926 3489 980 3534 N,
1009 3501 1094 3537 pos-

60 3541 174 3580 terior
187 3553 314 3579 curvae
337 3542 369 3579 C
388 3555 414 3590 p
432 3555 456 3578 a
473 3541 514 3579 in
532 3554 571 3587 n,
592 3543 664 3580 erit
683 3543 725 3581 N
742 3543 780 3580 R
792 3558 849 3579 =
863 3554 889 3578 n
908 3553 927 3578 r
944 3549 1097 3590 propter

60 3594 227 3645 aequales
261 3594 298 3631 'l'
316 3594 369 3640 N,
394 3595 430 3632 T
448 3607 476 3631 n
506 3607 575 3643 per
605 3607 732 3633 curvae
763 3602 882 3633 const.
905 3602 944 3632 et
973 3593 1097 3631 radios

60 3647 227 3697 aequales
248 3648 283 3684 T
301 3647 351 3692 R,
375 3648 411 3685 T
428 3660 468 3693 r;
488 3648 800 3685 evanescentibus
811 3649 975 3685 arcubus
992 3647 1024 3684 C
1043 3647 1095 3692 N,

65 3700 101 3739 C
116 3713 156 3746 n,
175 3707 378 3738 curvatura
403 3700 579 3749 ellipseos
595 3699 638 3737 in
661 3700 693 3739 C
712 3707 769 3738 est
786 3700 835 3738 ad
853 3707 1097 3738 curvaturam

62 3751 194 3790 circuli
221 3752 328 3791 radio
349 3754 384 3791 T
406 3753 439 3792 C
466 3752 645 3801 descripti
675 3760 721 3791 ut
753 3753 802 3790 M
823 3753 864 3791 N
893 3752 941 3790 ad
973 3752 1021 3789 M
1045 3752 1098 3798 R,

60 3802 224 3855 ide6que
243 3813 533 3845 curvaturarum
564 3805 740 3854 ellipseos
767 3814 806 3844 et
836 3804 968 3843 circuli
987 3804 1097 3842 diffe-

61 3858 185 3897 rentia
202 3865 259 3897 est
270 3858 321 3898 ad
336 3866 580 3898 curvaturam
589 3859 722 3898 circuli
738 3866 782 3897 ut
802 3859 840 3896 R
858 3859 895 3897 N
913 3859 962 3896 ad
977 3858 1020 3896 M
1044 3858 1094 3904 R,

1797 1155 1856 1222 (f)
1900 1155 2004 1207 His
2042 1165 2215 1208 autem

1173 1290 1291 1329 simili
1309 1292 1427 1331 modo
1445 1299 1647 1331 curvatura
1674 1292 1809 1330 circuli
1828 1300 1884 1331 est
1903 1293 1952 1331 ad
1971 1302 2213 1333 curvaturam

1173 1344 1274 1382 orbis
1296 1346 1328 1383 C
1348 1359 1373 1393 p
1398 1359 1421 1383 a
1448 1353 1493 1384 ut
1517 1358 1558 1382 m
1577 1358 1597 1382 r
1623 1346 1673 1384 ad
1700 1358 1740 1383 m
1758 1358 1797 1392 n,
1826 1344 1992 1397 ideoque
2010 1357 2213 1386 curvatura

1172 1398 1305 1435 circuli
1324 1398 1372 1435 ad
1391 1398 1646 1437 differentiam
1660 1406 1950 1437 curvaturarum
1970 1400 2071 1438 orbis
2094 1401 2125 1439 C
2145 1415 2170 1450 p
2189 1416 2212 1440 a

1172 1459 1210 1488 et
1229 1451 1361 1489 circuli
1380 1460 1423 1489 ut
1443 1465 1480 1488 m
1500 1465 1519 1488 r
1537 1452 1586 1489 ad
1604 1464 1624 1488 r
1642 1465 1687 1490 n:
1711 1452 1841 1503 itaque
1859 1454 2079 1502 compositis
2098 1455 2211 1491 ratio-

1172 1504 1283 1542 nibus
1302 1505 1372 1542 erit
1390 1512 1682 1542 curvaturarum
1697 1506 1873 1554 ellipseos
1892 1514 1930 1544 et
1948 1506 2081 1544 circuli
2099 1507 2210 1546 diffe-

1167 1557 1289 1594 rentia
1322 1557 1370 1595 ad
1404 1566 1695 1595 curvaturarum
1727 1559 1828 1596 orbis
1864 1559 1896 1597 C
1915 1572 1940 1607 p
1959 1573 1982 1596 a
2011 1567 2049 1597 et
2077 1560 2208 1598 clrculi

1167 1610 1422 1648 differentiam
1442 1618 1486 1649 ut
1518 1624 1558 1648 m
1577 1624 1596 1648 r
1625 1611 1674 1648 ad
1705 1612 1755 1649 M
1780 1612 1818 1649 R
1835 1612 1909 1650 hoc
1928 1620 1984 1650 est
2003 1613 2043 1649 in
2062 1614 2208 1652 ratione

1165 1662 1364 1712 duplicata
1381 1663 1492 1702 arcus
1519 1677 1538 1700 r
1561 1665 1593 1702 C
1621 1664 1671 1701 ad
1688 1677 1824 1702 arcum
1856 1666 1895 1702 R
1918 1665 1962 1709 C,
1993 1665 2070 1702 sive
2087 1666 2127 1702 in
2147 1679 2207 1704 ra-

1164 1716 1269 1754 tione
1281 1716 1476 1765 duplicata
1489 1717 1623 1767 anguli
1642 1718 1674 1756 C
1690 1718 1726 1755 T
1740 1730 1765 1765 p
1779 1716 1828 1754 ad
1841 1718 2029 1768 angulum
2050 1719 2082 1757 C
2101 1719 2137 1756 T
2155 1719 2201 1757 P.

1218 1769 1272 1819 (¹¹)
1305 1773 1379 1809 His
1394 1778 1524 1809 autem
1536 1772 1636 1809 inter
1650 1784 1688 1809 se
1702 1773 1854 1816 collatis,
1868 1772 1937 1808 &c.
2005 1772 2058 1809 Ut
2080 1780 2206 1820 pateat

1162 1822 1257 1859 ordo
1284 1836 1362 1873 quo
1389 1824 1471 1860 istae
1498 1823 1664 1861 rationes
1682 1832 1981 1872 componuntur,
2011 1823 2161 1862 dicatur
2187 1839 2205 1863 s

1162 1882 1314 1924 tempus
1333 1876 1579 1914 revolutionis
1597 1876 1802 1926 synodicae,
1832 1884 1870 1914 et
1888 1884 1904 1914 t
1923 1885 2075 1925 tempus
2096 1890 2204 1915 revo-

1159 1927 1319 1966 lutionis
1350 1929 1565 1977 periodicae,
1596 1930 1743 1980 eritque
1775 1929 1944 1980 angulus
1976 1931 2008 1969 C
2031 1930 2067 1968 T
2088 1930 2124 1968 P
2154 1931 2204 1969 ad

1159 1982 1350 2032 angulum
1374 1983 1404 2020 C
1429 1983 1464 2020 T
1489 1996 1516 2032 p
1540 1989 1586 2019 ut
1603 1990 1619 2020 t
1636 1982 1687 2021 ad
1703 1995 1732 2020 s.
2153 2002 2158 2008 1

1214 2034 1277 2085 (1)
1336 2033 1566 2073 Differentia
1585 2044 1877 2074 curvaturarum
1896 2036 1999 2074 orbis
2021 2036 2053 2074 C
2073 2049 2098 2084 p
2118 2050 2141 2074 a
2159 2038 2200 2074 in

1159 2100 1182 2124 a
1203 2095 1242 2125 et
1260 2087 1393 2126 circuli
1412 2088 1519 2126 radio
1541 2089 1577 2126 T
1599 2090 1638 2126 A
1658 2088 1848 2138 descripti,
1878 2096 1936 2127 est
1952 2090 2002 2127 ad
2021 2090 2200 2127 differen-

1158 2139 1250 2177 tiam
1283 2149 1574 2179 curvaturarum
1604 2141 1781 2191 ellipseos
1811 2142 1853 2180 in
1886 2142 1925 2180 A
1958 2150 1997 2181 et
2025 2142 2199 2194 ejusdem

1159 2193 1293 2231 circuli
1312 2202 1356 2232 ut
1374 2203 1390 2232 t
1408 2203 1424 2232 t
1441 2195 1491 2232 ad
1511 2209 1529 2233 s
1547 2208 1565 2232 s
1587 2197 1686 2247 (not.
1711 2194 1772 2245 ¹¹¹).

1212 2246 1275 2299 (2)
1334 2248 1550 2286 Curvatura
1568 2247 1746 2297 ellipseos
1764 2248 1806 2286 in
1827 2249 1862 2285 A
1883 2248 1932 2287 ad
1951 2255 2199 2287 curvaturam

1156 2299 1287 2338 circuli
1319 2301 1425 2339 radio
1448 2301 1483 2339 T
1505 2302 1544 2340 A
1563 2301 1741 2351 descripti
1760 2309 1805 2340 ut
1826 2301 1862 2340 T
1883 2302 1922 2339 A
1938 2301 1957 2327 2
1988 2302 2037 2340 ad
2072 2303 2108 2341 T
2130 2303 2162 2342 C
2180 2303 2199 2328 2

1158 2354 1255 2405 (not.
1281 2353 1333 2403 ¹²).

1211 2406 1272 2457 (3)
1327 2408 1436 2445 Hinc
1448 2407 1666 2454 dividendo,
1680 2406 1894 2446 differentia
1905 2415 2196 2447 curvaturarum

1155 2459 1330 2507 ellipseos
1367 2462 1407 2497 in
1448 2465 1486 2498 A
1528 2468 1567 2499 et
1602 2460 1738 2498 circuli
1769 2468 1826 2498 est
1862 2461 1910 2499 ad
1952 2472 2196 2501 curvaturam

1154 2512 1326 2562 ejusdem
1345 2514 1477 2551 circuli
1497 2520 1542 2552 ut
1562 2514 1647 2553 TC
1664 2513 1683 2538 2
1702 2535 1753 2543 -—-
1771 2514 1806 2552 T
1824 2515 1862 2552 A
1880 2514 1898 2539 2
1916 2515 1964 2552 ad
1987 2516 2023 2553 T
2045 2517 2076 2554 C
2094 2515 2133 2553 2:
2158 2518 2220 2554 et*

1154 2578 1222 2614 per
1240 2566 1558 2614 compositionem
1582 2571 1635 2604 1¹¹³·
1655 2574 1693 2604 et
1711 2572 1769 2605 5⁸³·
1788 2568 2052 2617 proportionis.

1209 2618 1271 2670 (4)
1331 2620 1403 2657 Est
1422 2620 1636 2657 differentia
1655 2627 1944 2658 curvaturarum
1964 2621 2065 2658 orbis
2088 2622 2120 2659 C
2133 2635 2157 2670 p
2172 2635 2195 2658 a

1153 2672 1195 2709 in
1213 2684 1237 2709 a
1256 2679 1293 2709 et
1311 2672 1443 2709 circuli
1461 2672 1568 2710 radio
1583 2674 1618 2710 T
1633 2672 1669 2710 A
1687 2672 1863 2720 descripti
1882 2673 1931 2710 ad
1950 2682 2193 2711 curvaturam

1153 2733 1325 2784 ejusdem
1346 2735 1479 2773 clrculi
1499 2742 1543 2773 ut
1561 2748 1579 2772 s
1598 2743 1613 2773 t
1635 2740 1676 2782 ><
1703 2736 1740 2773 T
1762 2738 1800 2773 A
1817 2736 1834 2760 ’Ζ
1852 2757 1906 2767 —
1927 2737 1963 2773 T
1985 2739 2017 2775 C
2034 2737 2052 2761 ²
2070 2737 2120 2775 ad
2138 2750 2156 2774 s
2175 2751 2194 2774 s

1156 2791 1198 2832 ><
1224 2788 1260 2824 T
1283 2789 1314 2826 C
1333 2788 1360 2826 2.

1208 2840 1270 2892 (5)
1330 2842 1450 2887 Hinc,
1472 2840 1731 2879 convertendo
1744 2849 1948 2880 curvatura
1962 2842 2063 2880 orbis
2082 2843 2113 2881 C
2130 2856 2155 2891 p
2170 2857 2192 2881 a

1152 2893 1194 2930 in
1222 2906 1245 2931 a
1272 2893 1322 2932 ad
1354 2902 1598 2932 curvaturam
1616 2894 1749 2933 circuli
1767 2895 1874 2932 radio
1896 2896 1932 2933 T
1955 2897 1988 2932 A
2012 2895 2191 2945 descripti

1149 2957 2186 3006 utssTC2—ttx'rc2—TA2adss><

1153 3010 1189 3047 T
1211 3011 1243 3049 C
1264 3010 1294 3049 ³.

1207 3064 1268 3115 (6)
1330 3065 1545 3102 Curvatura
1573 3064 1707 3102 circuli
1739 3064 1847 3102 radio
1868 3064 1905 3101 T
1927 3064 1963 3102 A
1995 3063 2185 3113 descripti,

1148 3115 1196 3154 ad
1230 3124 1475 3155 curvaturam
1504 3117 1638 3156 circuli
1670 3117 1777 3156 radio
1811 3118 1847 3156 T
1870 3118 1902 3156 C
1934 3117 2112 3166 descripti
2145 3126 2189 3156 ut

1151 3170 1188 3208 T
1210 3170 1243 3208 C
1262 3169 1311 3207 ad
1332 3170 1368 3207 T
1391 3171 1441 3207 A.

1204 3222 1268 3275 (7)
1328 3223 1540 3261 Curvatura
1572 3222 1704 3261 circuli
1735 3222 1843 3261 radio
1873 3223 1909 3261 T
1945 3224 1977 3261 C
2010 3222 2188 3271 descripti

1151 3274 1200 3313 ad
1219 3284 1461 3313 curvaturam
1475 3276 1650 3325 ellipseos
1668 3276 1707 3312 in
1732 3277 1764 3315 C
1779 3284 1822 3314 ut
1838 3276 1874 3313 T
1895 3277 1930 3313 A
1948 3275 1966 3300 2
1984 3275 2034 3313 ad
2052 3276 2088 3313 T
2103 3276 2135 3313 C
2151 3276 2181 3312 2.

1202 3327 1265 3380 (8)
1311 3328 1432 3374 Hinc,
1447 3328 1703 3366 convertendo
1717 3337 1919 3366 curvatura
1933 3328 2066 3365 circuli
2080 3327 2188 3366 radio

1152 3380 1189 3419 T
1205 3381 1238 3420 C
1257 3380 1434 3429 descripti
1454 3381 1502 3419 ad
1521 3381 1776 3419 differentiam
1795 3390 2083 3419 curvaturarum
2103 3380 2187 3430 ejus

1148 3433 1281 3471 circuli
1300 3441 1339 3471 et
1356 3433 1531 3471 elliuseos
1557 3433 1598 3470 in
1631 3434 1663 3471 C
1691 3442 1735 3472 ut
1757 3435 1793 3472 T
1814 3437 1848 3472 A
1867 3433 1886 3458 2
1911 3433 1961 3471 ad
1990 3434 2028 3472 T
2049 3434 2080 3471 C
2097 3433 2116 3459 2
2133 3455 2187 3464 -

1152 3486 1189 3524 T
1211 3487 1249 3524 A
1266 3486 1296 3523 2.

1203 3540 1267 3591 (9)
1326 3537 1557 3577 Differentia
1574 3547 1865 3577 curvaturarum
1894 3538 2070 3587 ellipseos
2087 3538 2128 3575 in
2152 3540 2185 3577 C

1149 3600 1189 3630 et
1207 3592 1289 3642 ejus
1303 3591 1436 3629 circuli
1450 3591 1558 3629 radio
1571 3592 1608 3630 T
1623 3592 1655 3630 C
1671 3591 1847 3640 descripti
1866 3590 1915 3628 ad
1931 3590 2186 3629 differentiam

1149 3653 1440 3683 curvaturarum
1459 3644 1595 3694 figurae
1617 3644 1650 3682 C
1664 3655 1691 3693 p
1708 3657 1732 3681 a
1749 3644 1791 3681 in
1814 3644 1846 3682 C
1865 3651 1903 3681 et
1921 3644 2093 3694 ejusdem
2114 3645 2185 3681 cir-

1151 3698 1229 3736 culi
1248 3704 1292 3734 ut
1310 3710 1328 3734 s
1346 3709 1364 3734 s
1381 3696 1430 3734 ad
1449 3704 1467 3734 t
1483 3704 1520 3745 t;
1539 3705 1579 3735 et
1589 3709 1656 3747 per
1670 3697 1986 3745 compositionem
2005 3701 2062 3734 δᾶ·
2075 3704 2113 3735 et
2129 3703 2184 3736 9⁸²

1150 3748 1402 3800 proportionis
1419 3757 1486 3787 est.

1204 3801 1294 3854 (10)
1354 3803 1568 3840 Curvatura
1578 3800 1711 3840 circuli
1724 3801 1833 3840 radio
1846 3802 1883 3840 T
1898 3802 1930 3840 C
1945 3801 2121 3851 descripti
2137 3801 2185 3839 ad

1149 3855 1402 3894 differentiam
1422 3862 1710 3894 curvaturarum
1730 3854 1866 3907 flgurae
1889 3856 1921 3893 C
1941 3868 1966 3905 p
1984 3868 2006 3893 a
2025 3855 2064 3892 in
2097 3856 2128 3893 C
2148 3863 2187 3892 et
