<?xml version="1.0" encoding="UTF-8"?>
<!DOCTYPE html PUBLIC "-//W3C//DTD XHTML 1.0 Transitional//EN"
    "http://www.w3.org/TR/xhtml1/DTD/xhtml1-transitional.dtd">
<html xmlns="http://www.w3.org/1999/xhtml" xml:lang="en" lang="en">
 <head>
  <title>
</title>
<meta http-equiv="Content-Type" content="text/html;charset=utf-8" />
  <meta name='ocr-system' content='tesseract 3.04.00' />
  <meta name='ocr-capabilities' content='ocr_page ocr_carea ocr_par ocr_line ocrx_word'/>
</head>
<body>
  <div class='ocr_page' id='page_1' title='image "./philonatrualprin04newtrich_0203.png"; bbox 0 0 2540 4296; ppageno 0'>
   <div class='ocr_carea' id='block_1_1' title="bbox 0 3845 21 4296">
    <p class='ocr_par' dir='ltr' id='par_1_1' title="bbox 0 3845 21 4296">
     <span class='ocr_line' id='line_1_1' title="bbox 0 3845 21 4296; textangle 90"><span class='ocrx_word' id='word_1_1' title='bbox 0 4046 21 4296; x_wconf 57' lang='lat' dir='ltr'>WWW</span> <span class='ocrx_word' id='word_1_2' title='bbox 0 3991 3 3996; x_wconf 94' lang='lat'>·</span> <span class='ocrx_word' id='word_1_3' title='bbox 0 3886 16 3972; x_wconf 43' lang='lat'>&#39;5⁷25</span> <span class='ocrx_word' id='word_1_4' title='bbox 0 3845 12 3878; x_wconf 43' lang='grc' dir='ltr'>’τι</span> 
     </span>
    </p>
   </div>
   <div class='ocr_carea' id='block_1_2' title="bbox 143 250 2294 333">
    <p class='ocr_par' dir='ltr' id='par_1_2' title="bbox 143 250 2294 333">
     <span class='ocr_line' id='line_1_2' title="bbox 143 250 2294 333; baseline -0.008 -19"><span class='ocrx_word' id='word_1_5' title='bbox 143 263 327 315; x_wconf 60' lang='lat' dir='ltr'>Lmen</span> <span class='ocrx_word' id='word_1_6' title='bbox 355 258 655 321; x_wconf 57' lang='lat' dir='ltr'>Tamaris]</span> <span class='ocrx_word' id='word_1_7' title='bbox 734 252 1134 333; x_wconf 78' lang='lat' dir='ltr'><strong>PRINCIPIA</strong></span> <span class='ocrx_word' id='word_1_8' title='bbox 1178 250 1796 305; x_wconf 86' lang='lat' dir='ltr'><strong>MATHEMATICA.</strong></span> <span class='ocrx_word' id='word_1_9' title='bbox 2191 257 2294 305; x_wconf 79' lang='lat'>185</span> 
     </span>
    </p>
   </div>
   <div class='ocr_carea' id='block_1_3' title="bbox 138 385 2347 3897">
    <p class='ocr_par' dir='ltr' id='par_1_3' title="bbox 138 385 2347 2365">
     <span class='ocr_line' id='line_1_3' title="bbox 212 385 2294 471; baseline -0.004 -15"><span class='ocrx_word' id='word_1_10' title='bbox 212 402 597 471; x_wconf 85' lang='lat' dir='ltr'>Atmosphaerae</span> <span class='ocrx_word' id='word_1_11' title='bbox 634 412 953 455; x_wconf 84' lang='lat' dir='ltr'>cometarum</span> <span class='ocrx_word' id='word_1_12' title='bbox 992 401 1046 451; x_wconf 92' lang='lat' dir='ltr'>in</span> <span class='ocrx_word' id='word_1_13' title='bbox 1083 385 1335 452; x_wconf 83' lang='lat' dir='ltr'>descensu</span> <span class='ocrx_word' id='word_1_14' title='bbox 1372 418 1553 451; x_wconf 88' lang='lat' dir='ltr'>eorum</span> <span class='ocrx_word' id='word_1_15' title='bbox 1588 400 1643 449; x_wconf 88' lang='lat' dir='ltr'>in</span> <span class='ocrx_word' id='word_1_16' title='bbox 1685 398 1860 452; x_wconf 82' lang='lat' dir='ltr'>Solem</span> <span class='ocrx_word' id='word_1_17' title='bbox 1887 396 2213 449; x_wconf 84' lang='lat' dir='ltr'>excurrendo</span> <span class='ocrx_word' id='word_1_18' title='bbox 2238 398 2294 447; x_wconf 90' lang='lat' dir='ltr'>in</span> 
     </span>
     <span class='ocr_line' id='line_1_4' title="bbox 143 486 2294 559; baseline -0.003 -17"><span class='ocrx_word' id='word_1_19' title='bbox 143 491 349 553; x_wconf 87' lang='lat' dir='ltr'>caudas,</span> <span class='ocrx_word' id='word_1_20' title='bbox 379 491 754 553; x_wconf 88' lang='lat' dir='ltr'>diminuuntur,</span> <span class='ocrx_word' id='word_1_21' title='bbox 783 499 835 542; x_wconf 90' lang='lat' dir='ltr'>et</span> <span class='ocrx_word' id='word_1_22' title='bbox 860 488 941 559; x_wconf 71' lang='lat' dir='ltr'>(ea</span> <span class='ocrx_word' id='word_1_23' title='bbox 969 489 1188 541; x_wconf 76' lang='lat' dir='ltr'>certein</span> <span class='ocrx_word' id='word_1_24' title='bbox 1211 497 1359 557; x_wconf 86' lang='lat' dir='ltr'>parte</span> <span class='ocrx_word' id='word_1_25' title='bbox 1384 505 1502 557; x_wconf 87' lang='lat' dir='ltr'>quae</span> <span class='ocrx_word' id='word_1_26' title='bbox 1526 488 1700 540; x_wconf 87' lang='lat' dir='ltr'>Solem</span> <span class='ocrx_word' id='word_1_27' title='bbox 1720 486 1949 555; x_wconf 82' lang='lat' dir='ltr'><strong>respicit)</strong></span> <span class='ocrx_word' id='word_1_28' title='bbox 1973 486 2294 556; x_wconf 82' lang='lat' dir='ltr'>angustiores</span> 
     </span>
     <span class='ocr_line' id='line_1_5' title="bbox 140 574 2297 647; baseline -0.004 -14"><span class='ocrx_word' id='word_1_29' title='bbox 140 577 460 633; x_wconf 86' lang='lat' dir='ltr'>redduntur:</span> <span class='ocrx_word' id='word_1_30' title='bbox 500 592 553 633; x_wconf 92' lang='lat' dir='ltr'>et</span> <span class='ocrx_word' id='word_1_31' title='bbox 576 582 802 633; x_wconf 88' lang='lat' dir='ltr'>vicissim</span> <span class='ocrx_word' id='word_1_32' title='bbox 827 582 882 630; x_wconf 90' lang='lat' dir='ltr'>in</span> <span class='ocrx_word' id='word_1_33' title='bbox 907 598 1114 632; x_wconf 90' lang='lat' dir='ltr'>recessu</span> <span class='ocrx_word' id='word_1_34' title='bbox 1139 597 1320 631; x_wconf 87' lang='lat' dir='ltr'>eorum</span> <span class='ocrx_word' id='word_1_35' title='bbox 1345 597 1376 629; x_wconf 89' lang='lat' dir='ltr'>a</span> <span class='ocrx_word' id='word_1_36' title='bbox 1404 578 1541 641; x_wconf 89' lang='lat' dir='ltr'>Sole,</span> <span class='ocrx_word' id='word_1_37' title='bbox 1570 578 1661 629; x_wconf 92' lang='lat' dir='ltr'>ubi</span> <span class='ocrx_word' id='word_1_38' title='bbox 1679 579 1786 647; x_wconf 83' lang='lat' dir='ltr'>jam</span> <span class='ocrx_word' id='word_1_39' title='bbox 1812 574 1984 628; x_wconf 74' lang='lat' dir='ltr'>minus</span> <span class='ocrx_word' id='word_1_40' title='bbox 2011 583 2297 627; x_wconf 84' lang='lat' dir='ltr'>excurrunt</span> 
     </span>
     <span class='ocr_line' id='line_1_6' title="bbox 138 664 2293 740; baseline -0.003 -19"><span class='ocrx_word' id='word_1_41' title='bbox 138 670 194 721; x_wconf 88' lang='lat' dir='ltr'>in</span> <span class='ocrx_word' id='word_1_42' title='bbox 221 670 428 733; x_wconf 57' lang='lat' dir='ltr'>eandm,</span> <span class='ocrx_word' id='word_1_43' title='bbox 454 670 795 740; x_wconf 84' lang='lat' dir='ltr'>ampli-antur3</span> <span class='ocrx_word' id='word_1_44' title='bbox 825 670 868 719; x_wconf 91' lang='lat' dir='ltr'>si</span> <span class='ocrx_word' id='word_1_45' title='bbox 893 668 1051 719; x_wconf 74' lang='lat' dir='ltr'>modo</span> <span class='ocrx_word' id='word_1_46' title='bbox 1076 668 1425 738; x_wconf 83' lang='lat' dir='ltr'>phaenomena</span> <span class='ocrx_word' id='word_1_47' title='bbox 1443 685 1625 718; x_wconf 90' lang='lat' dir='ltr'>eorum</span> <span class='ocrx_word' id='word_1_48' title='bbox 1647 667 1903 718; x_wconf 90' lang='lat' dir='ltr'>Hevelius</span> <span class='ocrx_word' id='word_1_49' title='bbox 1923 664 2063 718; x_wconf 73' lang='lat' dir='ltr'>recte</span> <span class='ocrx_word' id='word_1_50' title='bbox 2082 664 2293 716; x_wconf 86' lang='lat' dir='ltr'>notavit.</span> 
     </span>
     <span class='ocr_line' id='line_1_7' title="bbox 143 754 2296 831; baseline -0.003 -19"><span class='ocrx_word' id='word_1_51' title='bbox 143 761 384 814; x_wconf 86' lang='lat' dir='ltr'>Minimae</span> <span class='ocrx_word' id='word_1_52' title='bbox 426 771 598 812; x_wconf 88' lang='lat' dir='ltr'>autem</span> <span class='ocrx_word' id='word_1_53' title='bbox 640 769 909 828; x_wconf 77' lang='lat' dir='ltr'>apparent,</span> <span class='ocrx_word' id='word_1_54' title='bbox 950 759 1041 810; x_wconf 90' lang='lat' dir='ltr'>ubi</span> <span class='ocrx_word' id='word_1_55' title='bbox 1080 759 1251 831; x_wconf 80' lang='lat' dir='ltr'>capita</span> <span class='ocrx_word' id='word_1_56' title='bbox 1286 758 1398 827; x_wconf 89' lang='lat' dir='ltr'>jam</span> <span class='ocrx_word' id='word_1_57' title='bbox 1440 756 1600 808; x_wconf 70' lang='lat' dir='ltr'>modo</span> <span class='ocrx_word' id='word_1_58' title='bbox 1638 757 1707 807; x_wconf 92' lang='lat' dir='ltr'>ad</span> <span class='ocrx_word' id='word_1_59' title='bbox 1750 755 1925 808; x_wconf 86' lang='lat' dir='ltr'>Solem</span> <span class='ocrx_word' id='word_1_60' title='bbox 1963 754 2207 807; x_wconf 88' lang='lat' dir='ltr'>calefacta</span> <span class='ocrx_word' id='word_1_61' title='bbox 2240 755 2296 805; x_wconf 92' lang='lat' dir='ltr'>in</span> 
     </span>
     <span class='ocr_line' id='line_1_8' title="bbox 140 845 2298 918; baseline -0.002 -17"><span class='ocrx_word' id='word_1_62' title='bbox 140 850 330 902; x_wconf 88' lang='lat' dir='ltr'>caudas</span> <span class='ocrx_word' id='word_1_63' title='bbox 367 849 617 900; x_wconf 86' lang='lat' dir='ltr'>maximas</span> <span class='ocrx_word' id='word_1_64' title='bbox 655 860 705 899; x_wconf 90' lang='lat' dir='ltr'>et</span> <span class='ocrx_word' id='word_1_65' title='bbox 742 847 1147 918; x_wconf 83' lang='lat' dir='ltr'>fulgentissimas</span> <span class='ocrx_word' id='word_1_66' title='bbox 1172 845 1363 914; x_wconf 68' lang='lat' dir='ltr'>abiere,</span> <span class='ocrx_word' id='word_1_67' title='bbox 1392 855 1444 898; x_wconf 92' lang='lat' dir='ltr'>et</span> <span class='ocrx_word' id='word_1_68' title='bbox 1476 846 1650 897; x_wconf 89' lang='lat' dir='ltr'>nuclei</span> <span class='ocrx_word' id='word_1_69' title='bbox 1674 845 1818 897; x_wconf 89' lang='lat' dir='ltr'>fumo</span> <span class='ocrx_word' id='word_1_70' title='bbox 1842 845 2018 897; x_wconf 79' lang='lat' dir='ltr'>forsan</span> <span class='ocrx_word' id='word_1_71' title='bbox 2045 846 2298 898; x_wconf 83' lang='lat' dir='ltr'>crassiore</span> 
     </span>
     <span class='ocr_line' id='line_1_9' title="bbox 140 935 2302 1012; baseline -0.002 -20"><span class='ocrx_word' id='word_1_72' title='bbox 140 952 191 993; x_wconf 90' lang='lat' dir='ltr'>et</span> <span class='ocrx_word' id='word_1_73' title='bbox 214 941 445 1012; x_wconf 85' lang='lat' dir='ltr'>nigriore</span> <span class='ocrx_word' id='word_1_74' title='bbox 470 940 523 990; x_wconf 92' lang='lat' dir='ltr'>in</span> <span class='ocrx_word' id='word_1_75' title='bbox 550 939 1017 1007; x_wconf 83' lang='lat' dir='ltr'>atmosphaerarum</span> <span class='ocrx_word' id='word_1_76' title='bbox 1042 938 1276 1007; x_wconf 86' lang='lat' dir='ltr'>partibus</span> <span class='ocrx_word' id='word_1_77' title='bbox 1302 936 1493 988; x_wconf 88' lang='lat' dir='ltr'>infimis</span> <span class='ocrx_word' id='word_1_78' title='bbox 1519 936 1906 988; x_wconf 83' lang='lat' dir='ltr'>circundantur.</span> <span class='ocrx_word' id='word_1_79' title='bbox 1960 936 2100 988; x_wconf 90' lang='lat' dir='ltr'>Nam</span> <span class='ocrx_word' id='word_1_80' title='bbox 2124 935 2302 987; x_wconf 86' lang='lat' dir='ltr'>fumus·</span> 
     </span>
     <span class='ocr_line' id='line_1_10' title="bbox 141 1025 2298 1098; baseline -0.002 -17"><span class='ocrx_word' id='word_1_81' title='bbox 141 1030 308 1081; x_wconf 90' lang='lat' dir='ltr'>omnis</span> <span class='ocrx_word' id='word_1_82' title='bbox 346 1028 544 1098; x_wconf 82' lang='lat' dir='ltr'>ingenti</span> <span class='ocrx_word' id='word_1_83' title='bbox 583 1028 754 1079; x_wconf 87' lang='lat' dir='ltr'>calore</span> <span class='ocrx_word' id='word_1_84' title='bbox 791 1028 1045 1079; x_wconf 83' lang='lat' dir='ltr'>excitatus</span> <span class='ocrx_word' id='word_1_85' title='bbox 1083 1027 1304 1078; x_wconf 83' lang='lat' dir='ltr'>crassior</span> <span class='ocrx_word' id='word_1_86' title='bbox 1342 1036 1394 1078; x_wconf 92' lang='lat' dir='ltr'>et</span> <span class='ocrx_word' id='word_1_87' title='bbox 1427 1025 1626 1097; x_wconf 81' lang='lat' dir='ltr'>nigrior</span> <span class='ocrx_word' id='word_1_88' title='bbox 1651 1043 1763 1076; x_wconf 88' lang='lat' dir='ltr'>esse</span> <span class='ocrx_word' id='word_1_89' title='bbox 1790 1025 1936 1077; x_wconf 83' lang='lat' dir='ltr'>solet.</span> <span class='ocrx_word' id='word_1_90' title='bbox 2016 1025 2103 1077; x_wconf 87' lang='lat' dir='ltr'>Sic</span> <span class='ocrx_word' id='word_1_91' title='bbox 2140 1036 2298 1094; x_wconf 90' lang='lat' dir='ltr'>caput</span> 
     </span>
     <span class='ocr_line' id='line_1_11' title="bbox 140 1104 2347 1189; baseline -0.002 -17"><span class='ocrx_word' id='word_1_92' title='bbox 140 1129 373 1182; x_wconf 83' lang='lat' dir='ltr'>cometae,</span> <span class='ocrx_word' id='word_1_93' title='bbox 403 1119 471 1170; x_wconf 89' lang='lat' dir='ltr'>de</span> <span class='ocrx_word' id='word_1_94' title='bbox 498 1136 601 1189; x_wconf 91' lang='lat' dir='ltr'>quo</span> <span class='ocrx_word' id='word_1_95' title='bbox 626 1118 844 1189; x_wconf 82' lang='lat' dir='ltr'>egimUS,</span> <span class='ocrx_word' id='word_1_96' title='bbox 872 1119 928 1170; x_wconf 90' lang='lat' dir='ltr'>in</span> <span class='ocrx_word' id='word_1_97' title='bbox 952 1116 1238 1188; x_wconf 78' lang='lat' dir='ltr'>aequalibus</span> <span class='ocrx_word' id='word_1_98' title='bbox 1263 1137 1293 1169; x_wconf 88' lang='lat' dir='ltr'>a</span> <span class='ocrx_word' id='word_1_99' title='bbox 1323 1117 1445 1170; x_wconf 87' lang='lat' dir='ltr'>Sole</span> <span class='ocrx_word' id='word_1_100' title='bbox 1472 1136 1532 1168; x_wconf 91' lang='lat' dir='ltr'>ac</span> <span class='ocrx_word' id='word_1_101' title='bbox 1559 1116 1726 1168; x_wconf 69' lang='lat' dir='ltr'>Terra</span> <span class='ocrx_word' id='word_1_102' title='bbox 1750 1116 2006 1168; x_wconf 82' lang='lat' dir='ltr'>distantiis</span> <span class='ocrx_word' id='word_1_103' title='bbox 2026 1117 2296 1168; x_wconf 86' lang='lat' dir='ltr'>obscurius</span> <span class='ocrx_word' id='word_1_104' title='bbox 2330 1104 2347 1118; x_wconf 69' lang='lat'><em>⁰</em></span> 
     </span>
     <span class='ocr_line' id='line_1_12' title="bbox 140 1207 2299 1280; baseline -0.002 -17"><span class='ocrx_word' id='word_1_105' title='bbox 140 1212 380 1280; x_wconf 88' lang='lat' dir='ltr'>apparuit</span> <span class='ocrx_word' id='word_1_106' title='bbox 404 1219 526 1280; x_wconf 91' lang='lat' dir='ltr'>post</span> <span class='ocrx_word' id='word_1_107' title='bbox 550 1210 860 1279; x_wconf 73' lang='lat' dir='ltr'>pei-ihelium</span> <span class='ocrx_word' id='word_1_108' title='bbox 884 1227 1040 1262; x_wconf 88' lang='lat' dir='ltr'>suum</span> <span class='ocrx_word' id='word_1_109' title='bbox 1066 1207 1222 1279; x_wconf 72' lang='lat' dir='ltr'>quam</span> <span class='ocrx_word' id='word_1_110' title='bbox 1247 1218 1414 1260; x_wconf 90' lang='lat' dir='ltr'>antea.</span> <span class='ocrx_word' id='word_1_111' title='bbox 1481 1208 1672 1260; x_wconf 89' lang='lat' dir='ltr'>Mense</span> <span class='ocrx_word' id='word_1_112' title='bbox 1698 1208 1839 1259; x_wconf 89' lang='lat' dir='ltr'>enim</span> <span class='ocrx_word' id='word_1_113' title='bbox 1866 1208 2151 1260; x_wconf 89' lang='lat' dir='ltr'>Decembri</span> <span class='ocrx_word' id='word_1_114' title='bbox 2177 1227 2299 1259; x_wconf 91' lang='lat' dir='ltr'>cum</span> 
     </span>
     <span class='ocr_line' id='line_1_13' title="bbox 141 1298 2297 1372; baseline -0.003 -18"><span class='ocrx_word' id='word_1_115' title='bbox 141 1303 300 1355; x_wconf 85' lang='lat' dir='ltr'>stellis</span> <span class='ocrx_word' id='word_1_116' title='bbox 327 1302 494 1355; x_wconf 83' lang='lat' dir='ltr'>tertiae</span> <span class='ocrx_word' id='word_1_117' title='bbox 517 1301 891 1372; x_wconf 85' lang='lat' dir='ltr'>magnitudinis</span> <span class='ocrx_word' id='word_1_118' title='bbox 916 1299 1139 1352; x_wconf 89' lang='lat' dir='ltr'>conferri</span> <span class='ocrx_word' id='word_1_119' title='bbox 1160 1298 1378 1362; x_wconf 80' lang='lat' dir='ltr'>solebat,</span> <span class='ocrx_word' id='word_1_120' title='bbox 1419 1308 1473 1351; x_wconf 89' lang='lat' dir='ltr'>at</span> <span class='ocrx_word' id='word_1_121' title='bbox 1506 1317 1684 1350; x_wconf 91' lang='lat' dir='ltr'>mense</span> <span class='ocrx_word' id='word_1_122' title='bbox 1712 1298 2002 1349; x_wconf 90' lang='lat' dir='ltr'>Novembri</span> <span class='ocrx_word' id='word_1_123' title='bbox 2028 1316 2146 1349; x_wconf 91' lang='lat' dir='ltr'>cum</span> <span class='ocrx_word' id='word_1_124' title='bbox 2174 1299 2297 1349; x_wconf 89' lang='lat' dir='ltr'>stel-</span> 
     </span>
     <span class='ocr_line' id='line_1_14' title="bbox 139 1389 2299 1464; baseline -0.003 -18"><span class='ocrx_word' id='word_1_125' title='bbox 139 1395 201 1447; x_wconf 87' lang='lat' dir='ltr'>lis</span> <span class='ocrx_word' id='word_1_126' title='bbox 239 1395 424 1464; x_wconf 87' lang='lat' dir='ltr'>primae</span> <span class='ocrx_word' id='word_1_127' title='bbox 460 1402 514 1447; x_wconf 92' lang='lat' dir='ltr'>et</span> <span class='ocrx_word' id='word_1_128' title='bbox 551 1393 813 1445; x_wconf 90' lang='lat' dir='ltr'>secundae.</span> <span class='ocrx_word' id='word_1_129' title='bbox 890 1392 962 1444; x_wconf 90' lang='lat' dir='ltr'>Et</span> <span class='ocrx_word' id='word_1_130' title='bbox 987 1392 1075 1462; x_wconf 87' lang='lat' dir='ltr'>qui</span> <span class='ocrx_word' id='word_1_131' title='bbox 1108 1401 1386 1461; x_wconf 85' lang='lat' dir='ltr'>utrumque</span> <span class='ocrx_word' id='word_1_132' title='bbox 1412 1390 1665 1452; x_wconf 89' lang='lat' dir='ltr'>viderant,</span> <span class='ocrx_word' id='word_1_133' title='bbox 1706 1390 1958 1458; x_wconf 87' lang='lat' dir='ltr'>majorem</span> <span class='ocrx_word' id='word_1_134' title='bbox 1995 1389 2299 1440; x_wconf 84' lang='lat' dir='ltr'>describunt</span> 
     </span>
     <span class='ocr_line' id='line_1_15' title="bbox 140 1477 2296 1552; baseline -0.003 -17"><span class='ocrx_word' id='word_1_135' title='bbox 140 1492 397 1535; x_wconf 87' lang='lat' dir='ltr'>cometam</span> <span class='ocrx_word' id='word_1_136' title='bbox 444 1482 691 1552; x_wconf 88' lang='lat' dir='ltr'>priorem.</span> <span class='ocrx_word' id='word_1_137' title='bbox 791 1482 931 1534; x_wconf 88' lang='lat' dir='ltr'>Nam</span> <span class='ocrx_word' id='word_1_138' title='bbox 973 1480 1155 1550; x_wconf 85' lang='lat' dir='ltr'>juveni</span> <span class='ocrx_word' id='word_1_139' title='bbox 1199 1479 1406 1532; x_wconf 84' lang='lat' dir='ltr'>cuidam</span> <span class='ocrx_word' id='word_1_140' title='bbox 1449 1478 1883 1549; x_wconf 86' lang='lat' dir='ltr'>Cantabrigiensi,</span> <span class='ocrx_word' id='word_1_141' title='bbox 1940 1477 2161 1529; x_wconf 90' lang='lat' dir='ltr'>Novem.</span> <span class='ocrx_word' id='word_1_142' title='bbox 2211 1484 2296 1530; x_wconf 87' lang='lat'>19.</span> 
     </span>
     <span class='ocr_line' id='line_1_16' title="bbox 139 1566 2300 1641; baseline -0.004 -17"><span class='ocrx_word' id='word_1_143' title='bbox 139 1582 342 1624; x_wconf 87' lang='lat' dir='ltr'>cometa</span> <span class='ocrx_word' id='word_1_144' title='bbox 382 1572 530 1623; x_wconf 90' lang='lat' dir='ltr'>hicce</span> <span class='ocrx_word' id='word_1_145' title='bbox 571 1573 688 1624; x_wconf 93' lang='lat' dir='ltr'>luce</span> <span class='ocrx_word' id='word_1_146' title='bbox 723 1570 816 1623; x_wconf 69' lang='lat' dir='ltr'>sua</span> <span class='ocrx_word' id='word_1_147' title='bbox 843 1569 1169 1641; x_wconf 87' lang='lat' dir='ltr'>quantumvis</span> <span class='ocrx_word' id='word_1_148' title='bbox 1207 1567 1452 1638; x_wconf 72' lang='lat' dir='ltr'>plumbea</span> <span class='ocrx_word' id='word_1_149' title='bbox 1490 1578 1540 1620; x_wconf 87' lang='lat' dir='ltr'>et</span> <span class='ocrx_word' id='word_1_150' title='bbox 1578 1567 1780 1630; x_wconf 68' lang='lat' dir='ltr'>obtusa,</span> <span class='ocrx_word' id='word_1_151' title='bbox 1808 1566 2049 1636; x_wconf 83' lang='lat' dir='ltr'>aequabat</span> <span class='ocrx_word' id='word_1_152' title='bbox 2087 1567 2300 1634; x_wconf 88' lang='lat' dir='ltr'>Spicam</span> 
     </span>
     <span class='ocr_line' id='line_1_17' title="bbox 141 1656 2297 1733; baseline -0.002 -20"><span class='ocrx_word' id='word_1_153' title='bbox 141 1662 393 1733; x_wconf 81' lang='lat' dir='ltr'>VirginiS,</span> <span class='ocrx_word' id='word_1_154' title='bbox 424 1670 474 1712; x_wconf 92' lang='lat' dir='ltr'>et</span> <span class='ocrx_word' id='word_1_155' title='bbox 500 1660 688 1712; x_wconf 89' lang='lat' dir='ltr'>clarius</span> <span class='ocrx_word' id='word_1_156' title='bbox 714 1660 940 1712; x_wconf 86' lang='lat' dir='ltr'>micabat</span> <span class='ocrx_word' id='word_1_157' title='bbox 966 1657 1121 1729; x_wconf 78' lang='lat' dir='ltr'>quam</span> <span class='ocrx_word' id='word_1_158' title='bbox 1143 1667 1338 1731; x_wconf 85' lang='lat' dir='ltr'>postea.</span> <span class='ocrx_word' id='word_1_159' title='bbox 1404 1657 1475 1709; x_wconf 87' lang='lat' dir='ltr'>Et</span> <span class='ocrx_word' id='word_1_160' title='bbox 1502 1656 1821 1709; x_wconf 88' lang='lat' dir='ltr'>Montenaro</span> <span class='ocrx_word' id='word_1_161' title='bbox 1849 1656 1982 1707; x_wconf 89' lang='lat' dir='ltr'>Nov.</span> <span class='ocrx_word' id='word_1_162' title='bbox 2004 1661 2089 1707; x_wconf 76' lang='lat'>20.</span> <span class='ocrx_word' id='word_1_163' title='bbox 2112 1665 2172 1707; x_wconf 87' lang='lat' dir='ltr'>st.</span> <span class='ocrx_word' id='word_1_164' title='bbox 2194 1665 2297 1708; x_wconf 90' lang='lat' dir='ltr'>vet.</span> 
     </span>
     <span class='ocr_line' id='line_1_18' title="bbox 140 1743 2299 1819; baseline -0.004 -16"><span class='ocrx_word' id='word_1_165' title='bbox 140 1760 342 1803; x_wconf 88' lang='lat' dir='ltr'>cometa</span> <span class='ocrx_word' id='word_1_166' title='bbox 368 1749 654 1819; x_wconf 85' lang='lat' dir='ltr'>apparebat</span> <span class='ocrx_word' id='word_1_167' title='bbox 671 1750 855 1819; x_wconf 10' lang='lat' dir='ltr'>,majore</span> <span class='ocrx_word' id='word_1_168' title='bbox 870 1748 1028 1800; x_wconf 90' lang='lat' dir='ltr'>stellis</span> <span class='ocrx_word' id='word_1_169' title='bbox 1053 1748 1238 1816; x_wconf 82' lang='lat' dir='ltr'>primae</span> <span class='ocrx_word' id='word_1_170' title='bbox 1261 1745 1654 1818; x_wconf 83' lang='lat' dir='ltr'>magnitudinis,</span> <span class='ocrx_word' id='word_1_171' title='bbox 1692 1746 1945 1797; x_wconf 80' lang='lat' dir='ltr'>existente</span> <span class='ocrx_word' id='word_1_172' title='bbox 1972 1743 2137 1795; x_wconf 73' lang='lat' dir='ltr'>cauda</span> <span class='ocrx_word' id='word_1_173' title='bbox 2166 1744 2299 1796; x_wconf 90' lang='lat' dir='ltr'>duo·-</span> 
     </span>
     <span class='ocr_line' id='line_1_19' title="bbox 141 1836 2299 1911; baseline -0.002 -18"><span class='ocrx_word' id='word_1_174' title='bbox 141 1860 260 1893; x_wconf 89' lang='lat' dir='ltr'>rum</span> <span class='ocrx_word' id='word_1_175' title='bbox 286 1840 546 1911; x_wconf 88' lang='lat' dir='ltr'>graduum</span> <span class='ocrx_word' id='word_1_176' title='bbox 579 1840 936 1911; x_wconf 77' lang='lat' dir='ltr'>longitudinis,</span> <span class='ocrx_word' id='word_1_177' title='bbox 1014 1839 1086 1891; x_wconf 78' lang='lat' dir='ltr'>Et</span> <span class='ocrx_word' id='word_1_178' title='bbox 1119 1838 1192 1891; x_wconf 88' lang='lat' dir='ltr'>D.</span> <span class='ocrx_word' id='word_1_179' title='bbox 1223 1840 1403 1891; x_wconf 87' lang='lat' dir='ltr'>Storer</span> <span class='ocrx_word' id='word_1_180' title='bbox 1428 1837 1608 1900; x_wconf 82' lang='lat' dir='ltr'>literis,</span> <span class='ocrx_word' id='word_1_181' title='bbox 1650 1856 1769 1907; x_wconf 83' lang='lat' dir='ltr'>quae</span> <span class='ocrx_word' id='word_1_182' title='bbox 1804 1836 1860 1886; x_wconf 90' lang='lat' dir='ltr'>in</span> <span class='ocrx_word' id='word_1_183' title='bbox 1884 1854 2069 1887; x_wconf 88' lang='lat' dir='ltr'>manus</span> <span class='ocrx_word' id='word_1_184' title='bbox 2095 1846 2299 1888; x_wconf 85' lang='lat' dir='ltr'>nostras</span> 
     </span>
     <span class='ocr_line' id='line_1_20' title="bbox 139 1928 2301 2000; baseline -0.002 -16"><span class='ocrx_word' id='word_1_185' title='bbox 139 1932 390 1993; x_wconf 67' lang='lat' dir='ltr'>incidere,</span> <span class='ocrx_word' id='word_1_186' title='bbox 433 1931 638 2000; x_wconf 88' lang='lat' dir='ltr'>scripsit</span> <span class='ocrx_word' id='word_1_187' title='bbox 675 1941 830 1999; x_wconf 88' lang='lat' dir='ltr'>caput</span> <span class='ocrx_word' id='word_1_188' title='bbox 867 1932 975 2000; x_wconf 87' lang='lat' dir='ltr'>ejus</span> <span class='ocrx_word' id='word_1_189' title='bbox 1013 1948 1190 1982; x_wconf 87' lang='lat' dir='ltr'>mense</span> <span class='ocrx_word' id='word_1_190' title='bbox 1227 1929 1528 1992; x_wconf 85' lang='lat' dir='ltr'>Decembri,</span> <span class='ocrx_word' id='word_1_191' title='bbox 1568 1929 1660 1980; x_wconf 91' lang='lat' dir='ltr'>ubi</span> <span class='ocrx_word' id='word_1_192' title='bbox 1691 1929 1911 1980; x_wconf 83' lang='lat' dir='ltr'>caudam</span> <span class='ocrx_word' id='word_1_193' title='bbox 1936 1928 2221 1979; x_wconf 85' lang='lat' dir='ltr'>maximam</span> <span class='ocrx_word' id='word_1_194' title='bbox 2248 1936 2301 1979; x_wconf 85' lang='lat' dir='ltr'>et</span> 
     </span>
     <span class='ocr_line' id='line_1_21' title="bbox 141 2016 2300 2092; baseline -0.002 -19"><span class='ocrx_word' id='word_1_195' title='bbox 141 2019 586 2092; x_wconf 83' lang='lat' dir='ltr'>fulgentissimam</span> <span class='ocrx_word' id='word_1_196' title='bbox 635 2020 917 2083; x_wconf 83' lang='lat' dir='ltr'>emittebat,</span> <span class='ocrx_word' id='word_1_197' title='bbox 968 2038 1189 2090; x_wconf 74' lang='lat' dir='ltr'>parvum</span> <span class='ocrx_word' id='word_1_198' title='bbox 1239 2039 1349 2072; x_wconf 88' lang='lat' dir='ltr'>esse</span> <span class='ocrx_word' id='word_1_199' title='bbox 1399 2029 1452 2071; x_wconf 91' lang='lat' dir='ltr'>et</span> <span class='ocrx_word' id='word_1_200' title='bbox 1499 2018 1857 2090; x_wconf 85' lang='lat' dir='ltr'>magnitudine</span> <span class='ocrx_word' id='word_1_201' title='bbox 1905 2018 2094 2069; x_wconf 87' lang='lat' dir='ltr'>visibili</span> <span class='ocrx_word' id='word_1_202' title='bbox 2142 2016 2300 2088; x_wconf 74' lang='lat' dir='ltr'>longe</span> 
     </span>
     <span class='ocr_line' id='line_1_22' title="bbox 138 2106 2297 2182; baseline -0.001 -17"><span class='ocrx_word' id='word_1_203' title='bbox 138 2106 323 2167; x_wconf 89' lang='lat' dir='ltr'>cedere</span> <span class='ocrx_word' id='word_1_204' title='bbox 375 2129 611 2177; x_wconf 83' lang='lat' dir='ltr'>cometae,</span> <span class='ocrx_word' id='word_1_205' title='bbox 664 2112 753 2182; x_wconf 91' lang='lat' dir='ltr'>qui</span> <span class='ocrx_word' id='word_1_206' title='bbox 800 2128 978 2165; x_wconf 85' lang='lat' dir='ltr'>mense</span> <span class='ocrx_word' id='word_1_207' title='bbox 1028 2111 1317 2164; x_wconf 84' lang='lat' dir='ltr'>Novembri</span> <span class='ocrx_word' id='word_1_208' title='bbox 1367 2120 1486 2163; x_wconf 89' lang='lat' dir='ltr'>ante</span> <span class='ocrx_word' id='word_1_209' title='bbox 1539 2111 1676 2163; x_wconf 88' lang='lat' dir='ltr'>Solis</span> <span class='ocrx_word' id='word_1_210' title='bbox 1727 2121 1902 2161; x_wconf 89' lang='lat' dir='ltr'>ortum</span> <span class='ocrx_word' id='word_1_211' title='bbox 1966 2120 2297 2179; x_wconf 85' lang='lat' dir='ltr'>apparuerat.</span> 
     </span>
     <span class='ocr_line' id='line_1_23' title="bbox 143 2201 2298 2276; baseline -0.003 -17"><span class='ocrx_word' id='word_1_212' title='bbox 143 2207 307 2276; x_wconf 84' lang='lat' dir='ltr'>Cujus</span> <span class='ocrx_word' id='word_1_213' title='bbox 348 2208 425 2259; x_wconf 89' lang='lat' dir='ltr'>rei</span> <span class='ocrx_word' id='word_1_214' title='bbox 467 2207 723 2258; x_wconf 88' lang='lat' dir='ltr'>rationem</span> <span class='ocrx_word' id='word_1_215' title='bbox 758 2223 871 2257; x_wconf 91' lang='lat' dir='ltr'>esse</span> <span class='ocrx_word' id='word_1_216' title='bbox 909 2204 1311 2273; x_wconf 85' lang='lat' dir='ltr'>conjectabatur,</span> <span class='ocrx_word' id='word_1_217' title='bbox 1353 2203 1495 2273; x_wconf 89' lang='lat' dir='ltr'>quod</span> <span class='ocrx_word' id='word_1_218' title='bbox 1531 2202 1748 2254; x_wconf 88' lang='lat' dir='ltr'>materia</span> <span class='ocrx_word' id='word_1_219' title='bbox 1787 2202 1970 2271; x_wconf 88' lang='lat' dir='ltr'>capitis</span> <span class='ocrx_word' id='word_1_220' title='bbox 2009 2201 2105 2252; x_wconf 90' lang='lat' dir='ltr'>sub</span> <span class='ocrx_word' id='word_1_221' title='bbox 2148 2201 2298 2253; x_wconf 91' lang='lat' dir='ltr'>initio</span> 
     </span>
     <span class='ocr_line' id='line_1_24' title="bbox 143 2288 2025 2365; baseline -0.003 -17"><span class='ocrx_word' id='word_1_222' title='bbox 143 2297 404 2365; x_wconf 87' lang='lat' dir='ltr'>copiosior</span> <span class='ocrx_word' id='word_1_223' title='bbox 429 2306 578 2360; x_wconf 85' lang='lat' dir='ltr'>esset,</span> <span class='ocrx_word' id='word_1_224' title='bbox 608 2304 660 2348; x_wconf 91' lang='lat' dir='ltr'>et</span> <span class='ocrx_word' id='word_1_225' title='bbox 682 2294 934 2364; x_wconf 89' lang='lat' dir='ltr'>paulatim</span> <span class='ocrx_word' id='word_1_226' title='bbox 960 2303 1366 2347; x_wconf 88' lang='lat' dir='ltr'>consumeretur.</span> <span class='ocrx_word' id='word_1_227' title='bbox 2024 2288 2025 2291; x_wconf 46' lang='lat'>&#39;</span> 
     </span>
    </p>

    <p class='ocr_par' dir='ltr' id='par_1_4' title="bbox 140 2383 2331 3897">
     <span class='ocr_line' id='line_1_25' title="bbox 220 2383 2331 2456; baseline -0.002 -17"><span class='ocrx_word' id='word_1_228' title='bbox 220 2387 425 2439; x_wconf 90' lang='lat' dir='ltr'>Eodem</span> <span class='ocrx_word' id='word_1_229' title='bbox 463 2396 696 2456; x_wconf 89' lang='lat' dir='ltr'>spectare</span> <span class='ocrx_word' id='word_1_230' title='bbox 732 2384 953 2448; x_wconf 85' lang='lat' dir='ltr'>videtur,</span> <span class='ocrx_word' id='word_1_231' title='bbox 995 2384 1137 2455; x_wconf 90' lang='lat' dir='ltr'>quod</span> <span class='ocrx_word' id='word_1_232' title='bbox 1164 2385 1334 2454; x_wconf 85' lang='lat' dir='ltr'>capita</span> <span class='ocrx_word' id='word_1_233' title='bbox 1358 2393 1678 2437; x_wconf 89' lang='lat' dir='ltr'>cometarum</span> <span class='ocrx_word' id='word_1_234' title='bbox 1703 2384 1940 2453; x_wconf 87' lang='lat' dir='ltr'>aliorum,</span> <span class='ocrx_word' id='word_1_235' title='bbox 1982 2383 2072 2454; x_wconf 91' lang='lat' dir='ltr'>qui</span> <span class='ocrx_word' id='word_1_236' title='bbox 2108 2384 2300 2436; x_wconf 89' lang='lat' dir='ltr'>caudas</span> <span class='ocrx_word' id='word_1_237' title='bbox 2328 2443 2331 2447; x_wconf 32' lang='lat'>,</span> 
     </span>
     <span class='ocr_line' id='line_1_26' title="bbox 140 2473 2299 2545; baseline -0.001 -17"><span class='ocrx_word' id='word_1_238' title='bbox 140 2478 394 2529; x_wconf 83' lang='lat' dir='ltr'>maximas</span> <span class='ocrx_word' id='word_1_239' title='bbox 434 2486 485 2528; x_wconf 90' lang='lat' dir='ltr'>et</span> <span class='ocrx_word' id='word_1_240' title='bbox 519 2474 922 2545; x_wconf 83' lang='lat' dir='ltr'>fulgentissimas</span> <span class='ocrx_word' id='word_1_241' title='bbox 962 2473 1263 2536; x_wconf 87' lang='lat' dir='ltr'>emiserunt,</span> <span class='ocrx_word' id='word_1_242' title='bbox 1304 2473 1640 2542; x_wconf 86' lang='lat' dir='ltr'>apparuerint</span> <span class='ocrx_word' id='word_1_243' title='bbox 1673 2474 1993 2525; x_wconf 88' lang='lat' dir='ltr'>subobscura</span> <span class='ocrx_word' id='word_1_244' title='bbox 2018 2483 2069 2524; x_wconf 92' lang='lat' dir='ltr'>et</span> <span class='ocrx_word' id='word_1_245' title='bbox 2093 2474 2299 2544; x_wconf 85' lang='lat' dir='ltr'>exigua.</span> 
     </span>
     <span class='ocr_line' id='line_1_27' title="bbox 144 2561 2303 2632; baseline -0.003 -12"><span class='ocrx_word' id='word_1_246' title='bbox 144 2568 285 2620; x_wconf 90' lang='lat' dir='ltr'>Nam</span> <span class='ocrx_word' id='word_1_247' title='bbox 321 2585 460 2618; x_wconf 86' lang='lat' dir='ltr'>anno</span> <span class='ocrx_word' id='word_1_248' title='bbox 499 2573 656 2618; x_wconf 89' lang='lat'><strong>1668.</strong></span> <span class='ocrx_word' id='word_1_249' title='bbox 687 2564 849 2618; x_wconf 90' lang='lat' dir='ltr'>Mart.</span> <span class='ocrx_word' id='word_1_250' title='bbox 878 2569 927 2615; x_wconf 88' lang='grc'>5.</span> <span class='ocrx_word' id='word_1_251' title='bbox 954 2573 1016 2615; x_wconf 88' lang='lat' dir='ltr'>st.</span> <span class='ocrx_word' id='word_1_252' title='bbox 1042 2561 1320 2616; x_wconf 69' lang='lat' dir='ltr'>nov.hora</span> <span class='ocrx_word' id='word_1_253' title='bbox 1348 2561 1564 2632; x_wconf 67' lang='lat' dir='ltr'>septima</span> <span class='ocrx_word' id='word_1_254' title='bbox 1598 2561 1888 2630; x_wconf 72' lang='lat' dir='ltr'>vespertina</span> <span class='ocrx_word' id='word_1_255' title='bbox 1918 2563 1985 2613; x_wconf 84' lang='lat' dir='ltr'>R.</span> <span class='ocrx_word' id='word_1_256' title='bbox 2017 2562 2077 2614; x_wconf 94' lang='lat' dir='ltr'>P.</span> <span class='ocrx_word' id='word_1_257' title='bbox 2107 2562 2303 2614; x_wconf 88' lang='lat' dir='ltr'>Valen-</span> 
     </span>
     <span class='ocr_line' id='line_1_28' title="bbox 142 2650 2303 2724; baseline -0.003 -16"><span class='ocrx_word' id='word_1_258' title='bbox 142 2657 280 2709; x_wconf 87' lang='lat' dir='ltr'>tinus</span> <span class='ocrx_word' id='word_1_259' title='bbox 320 2655 611 2717; x_wconf 88' lang='lat' dir='ltr'>Estancius,</span> <span class='ocrx_word' id='word_1_260' title='bbox 654 2653 893 2706; x_wconf 85' lang='lat' dir='ltr'>Brasiliae</span> <span class='ocrx_word' id='word_1_261' title='bbox 936 2671 1114 2724; x_wconf 85' lang='lat' dir='ltr'>agens,</span> <span class='ocrx_word' id='word_1_262' title='bbox 1153 2661 1410 2721; x_wconf 88' lang='lat' dir='ltr'>cometam</span> <span class='ocrx_word' id='word_1_263' title='bbox 1448 2650 1578 2702; x_wconf 90' lang='lat' dir='ltr'>vidit</span> <span class='ocrx_word' id='word_1_264' title='bbox 1612 2650 1871 2702; x_wconf 89' lang='lat' dir='ltr'>horizonti</span> <span class='ocrx_word' id='word_1_265' title='bbox 1907 2650 2206 2719; x_wconf 84' lang='lat' dir='ltr'>proximum</span> <span class='ocrx_word' id='word_1_266' title='bbox 2235 2651 2303 2702; x_wconf 89' lang='lat' dir='ltr'>ad</span> 
     </span>
     <span class='ocr_line' id='line_1_29' title="bbox 143 2742 2303 2816; baseline -0.002 -16"><span class='ocrx_word' id='word_1_267' title='bbox 143 2766 388 2801; x_wconf 91' lang='lat' dir='ltr'>occasum</span> <span class='ocrx_word' id='word_1_268' title='bbox 428 2747 564 2800; x_wconf 90' lang='lat' dir='ltr'>Solis</span> <span class='ocrx_word' id='word_1_269' title='bbox 600 2747 909 2811; x_wconf 87' lang='lat' dir='ltr'>brumalem,</span> <span class='ocrx_word' id='word_1_270' title='bbox 951 2746 1119 2816; x_wconf 90' lang='lat' dir='ltr'>capite</span> <span class='ocrx_word' id='word_1_271' title='bbox 1155 2744 1372 2810; x_wconf 86' lang='lat' dir='ltr'>minimo</span> <span class='ocrx_word' id='word_1_272' title='bbox 1409 2753 1462 2795; x_wconf 93' lang='lat' dir='ltr'>et</span> <span class='ocrx_word' id='word_1_273' title='bbox 1496 2744 1588 2796; x_wconf 82' lang='lat' dir='ltr'>vix</span> <span class='ocrx_word' id='word_1_274' title='bbox 1625 2744 1926 2813; x_wconf 85' lang='lat' dir='ltr'>conspicuo,</span> <span class='ocrx_word' id='word_1_275' title='bbox 1967 2743 2132 2796; x_wconf 66' lang='lat' dir='ltr'>cauda</span> <span class='ocrx_word' id='word_1_276' title='bbox 2176 2742 2303 2796; x_wconf 72' lang='lat' dir='ltr'>vero</span> 
     </span>
     <span class='ocr_line' id='line_1_30' title="bbox 143 2833 2303 2909; baseline -0.003 -19"><span class='ocrx_word' id='word_1_277' title='bbox 143 2836 301 2906; x_wconf 74' lang='lat' dir='ltr'>supra</span> <span class='ocrx_word' id='word_1_278' title='bbox 326 2835 543 2909; x_wconf 89' lang='lat' dir='ltr'>modum</span> <span class='ocrx_word' id='word_1_279' title='bbox 567 2834 816 2909; x_wconf 86' lang='lat' dir='ltr'>fulgente,</span> <span class='ocrx_word' id='word_1_280' title='bbox 843 2847 903 2888; x_wconf 90' lang='lat' dir='ltr'>ut</span> <span class='ocrx_word' id='word_1_281' title='bbox 929 2844 1122 2888; x_wconf 88' lang='lat' dir='ltr'>stantes</span> <span class='ocrx_word' id='word_1_282' title='bbox 1160 2835 1219 2885; x_wconf 90' lang='lat' dir='ltr'>in</span> <span class='ocrx_word' id='word_1_283' title='bbox 1253 2833 1428 2885; x_wconf 90' lang='lat' dir='ltr'>littore</span> <span class='ocrx_word' id='word_1_284' title='bbox 1454 2833 1680 2903; x_wconf 90' lang='lat' dir='ltr'>speciem</span> <span class='ocrx_word' id='word_1_285' title='bbox 1707 2834 1817 2901; x_wconf 89' lang='lat' dir='ltr'>ejus</span> <span class='ocrx_word' id='word_1_286' title='bbox 1844 2852 1872 2884; x_wconf 91' lang='lat' dir='ltr'>e</span> <span class='ocrx_word' id='word_1_287' title='bbox 1896 2833 2030 2883; x_wconf 83' lang='lat' dir='ltr'>mari</span> <span class='ocrx_word' id='word_1_288' title='bbox 2054 2833 2303 2884; x_wconf 83' lang='lat' dir='ltr'>reflexam</span> 
     </span>
     <span class='ocr_line' id='line_1_31' title="bbox 142 2924 2303 2998; baseline -0.001 -19"><span class='ocrx_word' id='word_1_289' title='bbox 142 2927 296 2980; x_wconf 74' lang='lat' dir='ltr'>facile</span> <span class='ocrx_word' id='word_1_290' title='bbox 331 2937 619 2979; x_wconf 88' lang='lat' dir='ltr'>cernerent.</span> <span class='ocrx_word' id='word_1_291' title='bbox 698 2928 939 2998; x_wconf 87' lang='lat' dir='ltr'>Speciem</span> <span class='ocrx_word' id='word_1_292' title='bbox 972 2926 1153 2997; x_wconf 90' lang='lat' dir='ltr'>utique</span> <span class='ocrx_word' id='word_1_293' title='bbox 1178 2925 1407 2977; x_wconf 88' lang='lat' dir='ltr'>habebat</span> <span class='ocrx_word' id='word_1_294' title='bbox 1430 2925 1591 2977; x_wconf 86' lang='lat' dir='ltr'>trabis</span> <span class='ocrx_word' id='word_1_295' title='bbox 1618 2924 1936 2994; x_wconf 89' lang='lat' dir='ltr'>splendentis</span> <span class='ocrx_word' id='word_1_296' title='bbox 1973 2924 2303 2995; x_wconf 86' lang='lat' dir='ltr'>longitudine</span> 
     </span>
     <span class='ocr_line' id='line_1_32' title="bbox 144 3013 2301 3087; baseline -0.001 -19"><span class='ocrx_word' id='word_1_297' title='bbox 144 3023 212 3069; x_wconf 77' lang='lat'>23</span> <span class='ocrx_word' id='word_1_298' title='bbox 239 3016 517 3087; x_wconf 88' lang='lat' dir='ltr'>graduum,</span> <span class='ocrx_word' id='word_1_299' title='bbox 544 3016 610 3067; x_wconf 87' lang='lat' dir='ltr'>ab</span> <span class='ocrx_word' id='word_1_300' title='bbox 635 3016 905 3068; x_wconf 89' lang='lat' dir='ltr'>occidente</span> <span class='ocrx_word' id='word_1_301' title='bbox 929 3016 984 3068; x_wconf 91' lang='lat' dir='ltr'>in</span> <span class='ocrx_word' id='word_1_302' title='bbox 1011 3024 1247 3068; x_wconf 88' lang='lat' dir='ltr'>austrum</span> <span class='ocrx_word' id='word_1_303' title='bbox 1270 3033 1509 3086; x_wconf 85' lang='lat' dir='ltr'>vergenS,</span> <span class='ocrx_word' id='word_1_304' title='bbox 1537 3023 1589 3066; x_wconf 93' lang='lat' dir='ltr'>et</span> <span class='ocrx_word' id='word_1_305' title='bbox 1619 3013 1880 3073; x_wconf 87' lang='lat' dir='ltr'>horizonti</span> <span class='ocrx_word' id='word_1_306' title='bbox 1903 3013 2011 3065; x_wconf 79' lang='lat' dir='ltr'>fere</span> <span class='ocrx_word' id='word_1_307' title='bbox 2036 3014 2301 3083; x_wconf 89' lang='lat' dir='ltr'>parallela.</span> 
     </span>
     <span class='ocr_line' id='line_1_33' title="bbox 145 3093 2303 3174; baseline 0.001 -18"><span class='ocrx_word' id='word_1_308' title='bbox 145 3105 348 3157; x_wconf 87' lang='lat' dir='ltr'>Tantus</span> <span class='ocrx_word' id='word_1_309' title='bbox 375 3115 549 3158; x_wconf 89' lang='lat' dir='ltr'>autem</span> <span class='ocrx_word' id='word_1_310' title='bbox 586 3105 833 3174; x_wconf 89' lang='lat' dir='ltr'>splendor</span> <span class='ocrx_word' id='word_1_311' title='bbox 862 3093 972 3158; x_wconf 77' lang='lat' dir='ltr'>tres</span> <span class='ocrx_word' id='word_1_312' title='bbox 1010 3104 1182 3157; x_wconf 74' lang='lat' dir='ltr'>solum</span> <span class='ocrx_word' id='word_1_313' title='bbox 1212 3105 1321 3157; x_wconf 90' lang='lat' dir='ltr'>dies</span> <span class='ocrx_word' id='word_1_314' title='bbox 1361 3105 1597 3169; x_wconf 86' lang='lat' dir='ltr'>durabat,</span> <span class='ocrx_word' id='word_1_315' title='bbox 1626 3104 1846 3157; x_wconf 75' lang='lat' dir='ltr'>subinde</span> <span class='ocrx_word' id='word_1_316' title='bbox 1888 3105 2186 3157; x_wconf 87' lang='lat' dir='ltr'>notabiliter</span> <span class='ocrx_word' id='word_1_317' title='bbox 2211 3105 2303 3158; x_wconf 91' lang='lat' dir='ltr'>de-</span> 
     </span>
     <span class='ocr_line' id='line_1_34' title="bbox 147 3194 2301 3266; baseline -0.001 -18"><span class='ocrx_word' id='word_1_318' title='bbox 147 3215 410 3259; x_wconf 86' lang='lat' dir='ltr'>crescens3</span> <span class='ocrx_word' id='word_1_319' title='bbox 450 3207 502 3250; x_wconf 90' lang='lat' dir='ltr'>et</span> <span class='ocrx_word' id='word_1_320' title='bbox 537 3197 737 3253; x_wconf 88' lang='lat' dir='ltr'>interea</span> <span class='ocrx_word' id='word_1_321' title='bbox 773 3195 1105 3248; x_wconf 88' lang='lat' dir='ltr'>decrescente</span> <span class='ocrx_word' id='word_1_322' title='bbox 1132 3194 1409 3264; x_wconf 77' lang='lat' dir='ltr'>splendore</span> <span class='ocrx_word' id='word_1_323' title='bbox 1435 3203 1587 3246; x_wconf 87' lang='lat' dir='ltr'>aucta</span> <span class='ocrx_word' id='word_1_324' title='bbox 1620 3204 1699 3247; x_wconf 85' lang='lat' dir='ltr'>est</span> <span class='ocrx_word' id='word_1_325' title='bbox 1733 3194 2094 3266; x_wconf 84' lang='lat' dir='ltr'>magnitudine</span> <span class='ocrx_word' id='word_1_326' title='bbox 2120 3194 2301 3246; x_wconf 89' lang='lat' dir='ltr'>cauda.</span> 
     </span>
     <span class='ocr_line' id='line_1_35' title="bbox 147 3284 2302 3360; baseline -0.003 -17"><span class='ocrx_word' id='word_1_327' title='bbox 147 3287 307 3343; x_wconf 75' lang='lat' dir='ltr'>Unde</span> <span class='ocrx_word' id='word_1_328' title='bbox 336 3290 492 3342; x_wconf 90' lang='lat' dir='ltr'>etiam</span> <span class='ocrx_word' id='word_1_329' title='bbox 528 3289 585 3341; x_wconf 89' lang='lat' dir='ltr'>in</span> <span class='ocrx_word' id='word_1_330' title='bbox 623 3286 893 3342; x_wconf 69' lang='lat' dir='ltr'>Lusitania</span> <span class='ocrx_word' id='word_1_331' title='bbox 930 3298 1170 3360; x_wconf 87' lang='lat' dir='ltr'>quartam</span> <span class='ocrx_word' id='word_1_332' title='bbox 1201 3285 1310 3339; x_wconf 76' lang='lat' dir='ltr'>fere</span> <span class='ocrx_word' id='word_1_333' title='bbox 1344 3286 1463 3339; x_wconf 88' lang='lat' dir='ltr'>coeli</span> <span class='ocrx_word' id='word_1_334' title='bbox 1489 3296 1692 3356; x_wconf 88' lang='lat' dir='ltr'>partem</span> <span class='ocrx_word' id='word_1_335' title='bbox 1728 3287 1804 3358; x_wconf 91' lang='lat' dir='ltr'>(id</span> <span class='ocrx_word' id='word_1_336' title='bbox 1841 3296 1934 3349; x_wconf 84' lang='lat' dir='ltr'>est,</span> <span class='ocrx_word' id='word_1_337' title='bbox 1976 3284 2169 3355; x_wconf 85' lang='lat' dir='ltr'>gradus</span> <span class='ocrx_word' id='word_1_338' title='bbox 2209 3284 2302 3350; x_wconf 84' lang='lat'>45)</span> 
     </span>
     <span class='ocr_line' id='line_1_36' title="bbox 144 3375 2302 3448; baseline -0.002 -18"><span class='ocrx_word' id='word_1_339' title='bbox 144 3397 425 3448; x_wconf 89' lang='lat' dir='ltr'>occupasse</span> <span class='ocrx_word' id='word_1_340' title='bbox 440 3378 630 3430; x_wconf 85' lang='lat' dir='ltr'>dicitur</span> <span class='ocrx_word' id='word_1_341' title='bbox 650 3378 716 3430; x_wconf 90' lang='lat' dir='ltr'>ab</span> <span class='ocrx_word' id='word_1_342' title='bbox 735 3377 1005 3435; x_wconf 80' lang='lat' dir='ltr'>occidente</span> <span class='ocrx_word' id='word_1_343' title='bbox 1029 3377 1085 3429; x_wconf 90' lang='lat' dir='ltr'>in</span> <span class='ocrx_word' id='word_1_344' title='bbox 1104 3377 1358 3429; x_wconf 91' lang='lat' dir='ltr'>orientem</span> <span class='ocrx_word' id='word_1_345' title='bbox 1377 3376 1653 3446; x_wconf 88' lang='lat' dir='ltr'>splendore</span> <span class='ocrx_word' id='word_1_346' title='bbox 1674 3396 1794 3429; x_wconf 91' lang='lat' dir='ltr'>cum</span> <span class='ocrx_word' id='word_1_347' title='bbox 1812 3375 2005 3446; x_wconf 88' lang='lat' dir='ltr'>insigni</span> <span class='ocrx_word' id='word_1_348' title='bbox 2028 3385 2302 3444; x_wconf 84' lang='lat' dir='ltr'>portensa3</span> 
     </span>
     <span class='ocr_line' id='line_1_37' title="bbox 142 3464 2305 3539; baseline -0.003 -18"><span class='ocrx_word' id='word_1_349' title='bbox 142 3487 241 3521; x_wconf 85' lang='lat' dir='ltr'>nec</span> <span class='ocrx_word' id='word_1_350' title='bbox 266 3476 575 3537; x_wconf 35' lang='lat' dir='ltr'>tamen—tota</span> <span class='ocrx_word' id='word_1_351' title='bbox 598 3469 853 3538; x_wconf 84' lang='lat' dir='ltr'>apparuit,</span> <span class='ocrx_word' id='word_1_352' title='bbox 875 3468 1045 3538; x_wconf 88' lang='lat' dir='ltr'>capite</span> <span class='ocrx_word' id='word_1_353' title='bbox 1071 3486 1276 3538; x_wconf 89' lang='lat' dir='ltr'>semper</span> <span class='ocrx_word' id='word_1_354' title='bbox 1304 3467 1361 3519; x_wconf 91' lang='lat' dir='ltr'>in</span> <span class='ocrx_word' id='word_1_355' title='bbox 1383 3466 1466 3519; x_wconf 89' lang='lat' dir='ltr'>his</span> <span class='ocrx_word' id='word_1_356' title='bbox 1491 3467 1792 3539; x_wconf 89' lang='lat' dir='ltr'>regionibus</span> <span class='ocrx_word' id='word_1_357' title='bbox 1818 3464 1952 3518; x_wconf 73' lang='lat' dir='ltr'>infra</span> <span class='ocrx_word' id='word_1_358' title='bbox 1975 3465 2305 3517; x_wconf 87' lang='lat' dir='ltr'>horizontem</span> 
     </span>
     <span class='ocr_line' id='line_1_38' title="bbox 146 3553 2305 3624; baseline -0.002 -14"><span class='ocrx_word' id='word_1_359' title='bbox 146 3558 496 3611; x_wconf 88' lang='lat' dir='ltr'>delitescente.</span> <span class='ocrx_word' id='word_1_360' title='bbox 559 3556 647 3609; x_wconf 85' lang='lat' dir='ltr'>Ex</span> <span class='ocrx_word' id='word_1_361' title='bbox 670 3558 992 3610; x_wconf 82' lang='lat' dir='ltr'>incremento</span> <span class='ocrx_word' id='word_1_362' title='bbox 1018 3556 1199 3609; x_wconf 81' lang='lat' dir='ltr'>caudae</span> <span class='ocrx_word' id='word_1_363' title='bbox 1225 3565 1278 3608; x_wconf 88' lang='lat' dir='ltr'>et</span> <span class='ocrx_word' id='word_1_364' title='bbox 1302 3555 1634 3608; x_wconf 90' lang='lat' dir='ltr'>decremento</span> <span class='ocrx_word' id='word_1_365' title='bbox 1661 3555 1950 3624; x_wconf 82' lang='lat' dir='ltr'>splendoris</span> <span class='ocrx_word' id='word_1_366' title='bbox 1975 3553 2305 3621; x_wconf 84' lang='lat' dir='ltr'>manifestum</span> 
     </span>
     <span class='ocr_line' id='line_1_39' title="bbox 147 3645 2305 3717; baseline -0.001 -17"><span class='ocrx_word' id='word_1_367' title='bbox 147 3658 239 3711; x_wconf 86' lang='lat' dir='ltr'>est,</span> <span class='ocrx_word' id='word_1_368' title='bbox 288 3646 429 3717; x_wconf 90' lang='lat' dir='ltr'>quod</span> <span class='ocrx_word' id='word_1_369' title='bbox 473 3655 630 3715; x_wconf 87' lang='lat' dir='ltr'>caput</span> <span class='ocrx_word' id='word_1_370' title='bbox 672 3665 704 3698; x_wconf 87' lang='lat' dir='ltr'>a</span> <span class='ocrx_word' id='word_1_371' title='bbox 746 3646 867 3699; x_wconf 88' lang='lat' dir='ltr'>Sole</span> <span class='ocrx_word' id='word_1_372' title='bbox 906 3647 1135 3709; x_wconf 89' lang='lat' dir='ltr'>recessit,</span> <span class='ocrx_word' id='word_1_373' title='bbox 1171 3646 1323 3716; x_wconf 91' lang='lat' dir='ltr'>eique</span> <span class='ocrx_word' id='word_1_374' title='bbox 1358 3646 1659 3714; x_wconf 86' lang='lat' dir='ltr'>proximum</span> <span class='ocrx_word' id='word_1_375' title='bbox 1691 3645 1789 3697; x_wconf 83' lang='lat' dir='ltr'>fuit</span> <span class='ocrx_word' id='word_1_376' title='bbox 1821 3645 1985 3708; x_wconf 81' lang='lat' dir='ltr'>initio,</span> <span class='ocrx_word' id='word_1_377' title='bbox 2028 3663 2127 3714; x_wconf 93' lang='lat' dir='ltr'>pro</span> <span class='ocrx_word' id='word_1_378' title='bbox 2158 3663 2305 3697; x_wconf 91' lang='lat' dir='ltr'>more</span> 
     </span>
     <span class='ocr_line' id='line_1_40' title="bbox 154 3733 2306 3804; baseline -0.002 -16"><span class='ocrx_word' id='word_1_379' title='bbox 154 3745 373 3788; x_wconf 82' lang='lat' dir='ltr'>cometae</span> <span class='ocrx_word' id='word_1_380' title='bbox 399 3735 522 3788; x_wconf 87' lang='lat' dir='ltr'>anni</span> <span class='ocrx_word' id='word_1_381' title='bbox 550 3742 707 3789; x_wconf 89' lang='lat'><strong>1680.</strong></span> <span class='ocrx_word' id='word_1_382' title='bbox 772 3734 844 3786; x_wconf 91' lang='lat' dir='ltr'>Et</span> <span class='ocrx_word' id='word_1_383' title='bbox 867 3734 921 3786; x_wconf 91' lang='lat' dir='ltr'>in</span> <span class='ocrx_word' id='word_1_384' title='bbox 954 3733 1217 3788; x_wconf 88' lang='lat' dir='ltr'>Chronico</span> <span class='ocrx_word' id='word_1_385' title='bbox 1246 3735 1508 3801; x_wconf 82' lang='lat' dir='ltr'>Saxonico</span> <span class='ocrx_word' id='word_1_386' title='bbox 1535 3733 1715 3785; x_wconf 89' lang='lat' dir='ltr'>similis</span> <span class='ocrx_word' id='word_1_387' title='bbox 1739 3733 1931 3804; x_wconf 89' lang='lat' dir='ltr'>legitur</span> <span class='ocrx_word' id='word_1_388' title='bbox 1957 3743 2158 3785; x_wconf 89' lang='lat' dir='ltr'>cometa</span> <span class='ocrx_word' id='word_1_389' title='bbox 2183 3737 2306 3785; x_wconf 83' lang='lat' dir='ltr'>anni</span> 
     </span>
     <span class='ocr_line' id='line_1_41' title="bbox 155 3817 2304 3897; baseline -0.002 -18"><span class='ocrx_word' id='word_1_390' title='bbox 155 3834 311 3880; x_wconf 89' lang='lat'><strong>1106.</strong></span> <span class='ocrx_word' id='word_1_391' title='bbox 349 3827 483 3897; x_wconf 60' lang='lat' dir='ltr'>czfjus</span> <span class='ocrx_word' id='word_1_392' title='bbox 518 3828 663 3880; x_wconf 81' lang='lat' dir='ltr'>stella</span> <span class='ocrx_word' id='word_1_393' title='bbox 702 3834 813 3878; x_wconf 79' lang='lat' dir='ltr'>erat</span> <span class='ocrx_word' id='word_1_394' title='bbox 840 3843 1012 3893; x_wconf 76' lang='lat' dir='ltr'>parva</span> <span class='ocrx_word' id='word_1_395' title='bbox 1038 3833 1087 3877; x_wconf 83' lang='lat' dir='ltr'>et</span> <span class='ocrx_word' id='word_1_396' title='bbox 1111 3825 1315 3878; x_wconf 81' lang='lat' dir='ltr'>obscura</span> <span class='ocrx_word' id='word_1_397' title='bbox 1354 3817 1434 3894; x_wconf 89' lang='lat' dir='ltr'>(ut</span> <span class='ocrx_word' id='word_1_398' title='bbox 1469 3824 1556 3876; x_wconf 88' lang='lat' dir='ltr'>ille</span> <span class='ocrx_word' id='word_1_399' title='bbox 1582 3824 1704 3878; x_wconf 88' lang='lat' dir='ltr'>anni</span> <span class='ocrx_word' id='word_1_400' title='bbox 1734 3824 1912 3889; x_wconf 84' lang='lat'><strong>1680.)</strong></span> <span class='ocrx_word' id='word_1_401' title='bbox 1952 3825 2039 3876; x_wconf 84' lang='lat' dir='ltr'>sed</span> <span class='ocrx_word' id='word_1_402' title='bbox 2072 3826 2304 3893; x_wconf 63' lang='lat' dir='ltr'>„splendor</span> 
     </span>
    </p>
   </div>
  </div>
 </body>
</html>
