2540 4296
277 287 378 335 150
754 280 1327 335 PHILOSOPHIAE
1367 281 1825 339 NATURALIS
1898 287 2019 353 [DE
2046 286 2250 342 Mum).
2281 292 2432 345 SYs'r.

274 428 313 481 S
336 447 373 487 ,ω
406 433 460 488 -Ι-
493 426 563 496 {i
589 435 636 477 λ.
711 425 924 479 Deinde
949 426 1004 478 in
1032 426 1099 479 M
1129 427 1182 480 N
1206 445 1385 479 versus
1411 426 1467 494 N
1491 428 1725 497 capiatur
1765 428 1831 481 M
1858 429 1921 494 P,
1961 449 2079 501 quae
2112 433 2179 484 sit
2214 433 2281 484 ad
2317 434 2434 485 lon-
2488 427 2492 433 ’

268 518 558 590 gitudinem
583 535 741 587 supra
764 517 1029 571 inventam
1056 518 1131 583 X,
1170 518 1226 570 in
1262 517 1623 588 subduplicata
1648 520 1848 573 ratione
1872 521 2154 576 mediocris
2178 523 2434 578 distantiae

2467 204 2474 209 .

2504 972 2515 977 1
2510 946 2511 949 Α
2500 855 2512 879 t‘,
2503 786 2512 827 ,μὴ
2508 737 2510 743 ,
2494 653 2508 686 ‘'1‘r
2500 632 2502 638 -
2507 602 2509 604 ,
2508 465 2510 468 ,
2506 338 2508 341 .
2505 238 2509 239 ,

2496 616 2540 986 zwssssz-ffzae-:emsfflffff
2528 529 2537 537 2
2529 492 2537 510 .,
2522 450 2540 459 2
2519 425 2521 428 ·
2511 116 2540 207 μς,

270 1610 498 1663 Telluris
542 1629 574 1662 a
620 1607 760 1664 Sole'
787 1613 900 1678 (seu
949 1609 1343 1663 semi-diametri
1385 1611 1526 1664 orbis
1568 1615 1768 1686 magni)
1809 1617 1877 1669 ad
1920 1617 2217 1671 distantiam
2258 1620 2311 1676 O
2355 1623 2430 1677 D,
2515 1664 2526 1671 ἡ

273 1701 330 1754 Si
379 1709 633 1770 punctum
677 1699 723 1752 P
761 1698 957 1751 incidat
998 1699 1055 1750 in
1096 1709 1354 1768 punctum
1399 1700 1470 1764 N,
1499 1700 1558 1771 (t)
1610 1715 1763 1757 erunt
1814 1707 1882 1770 A,
1939 1707 2002 1771 B,
2058 1708 2104 1760 C
2172 1710 2272 1763 tria
2318 1711 2434 1766 loca

269 1799 503 1852 cometae,
571 1806 666 1858 per
730 1805 848 1859 quae
913 1787 1055 1839 orbis
1119 1788 1228 1857 ejus
1294 1788 1350 1839 in
1418 1789 1578 1860 plano
1649 1793 1902 1864 eclipticae
1971 1797 2195 1853 describi
2258 1801 2429 1855 debet,
2529 1770 2534 1777 .

269 1959 401 1991 mento
427 1950 549 2001 ipsius
575 1968 606 1999 μ,
628 1950 667 1997 S,
695 1949 796 1988 inter
818 1948 1001 1988 verticem
1028 1966 1060 1998 μ
1080 1956 1119 1987 et
1140 1948 1327 1987 chordam

275 2008 314 2044 A
355 2006 388 2044 C
433 2000 660 2053 ihtercepto,
699 2016 745 2042 ac
781 2003 942 2052 proinde
978 2009 1155 2051 aequatur
1190 2014 1329 2052 quam-

270 2057 446 2110 proxime
477 2058 551 2107 ipsi
583 2059 620 2096 B
649 2057 688 2095 E
721 2065 924 2108 segmento
950 2065 1065 2093 rectae
1101 2056 1136 2094 B
1163 2057 1197 2104 ξ,
1228 2055 1330 2093 inter

270 2120 463 2163 punctum
491 2112 527 2150 B
555 2110 629 2161 ipsi
656 2128 687 2160 μ
714 2110 938 2159 proximum
958 2118 997 2147 et
1015 2109 1200 2147 chordam
1232 2111 1273 2147 A
1296 2109 1329 2147 C

269 2166 556 2215 comprehenso.
619 2163 738 2203 Unde
756 2171 949 2218 punctum
973 2163 1011 2201 E
1040 2170 1098 2200 est
1116 2162 1160 2199 in
1179 2161 1326 2200 chorda

273 2220 314 2259 A
328 2220 362 2258 C
381 2219 507 2269 magis
524 2226 701 2257 accurate
719 2216 839 2269 quam
859 2216 985 2262 antea,
1005 2217 1079 2253 hoc
1098 2222 1166 2262 est,
1181 2215 1330 2253 chorda

271 2272 383 2313 arcus
419 2272 488 2322 qui
533 2279 591 2309 est
628 2271 834 2321 vestigium
878 2269 1066 2319 portionis
1101 2269 1332 2320 trajectoriae

273 2326 472 2365 cometicae
493 2326 535 2362 in
560 2325 678 2374 plano
705 2324 905 2373 eclipticae,
939 2323 1042 2360 inter
1066 2322 1333 2372 longitudines

274 2381 313 2419 T
334 2382 386 2426 A,
419 2380 456 2418 T
479 2379 512 2417 C
540 2379 775 2425 interceptae,
806 2390 874 2425 per
899 2383 1090 2425 punctum
1121 2376 1159 2412 E
1188 2373 1333 2413 ultimo

271 2434 476 2473 inventum
503 2432 640 2470 transit
666 2428 971 2482 quamproxime.
1033 2427 1159 2468 Porro
1187 2428 1334 2467 chorda

271 2487 457 2537 praedicta
482 2496 552 2535 per
580 2485 618 2523 E
646 2484 823 2523 traducta
849 2484 949 2521 inter
978 2483 1015 2521 T
1041 2483 1094 2528 A,
1127 2483 1164 2521 T
1194 2483 1239 2528 C,
1277 2480 1333 2520 ita

271 2541 391 2579 locari
417 2540 531 2579 debet
557 2546 604 2577 ut
633 2539 673 2577 A
695 2538 733 2575 E
762 2537 812 2575 sit
833 2537 883 2574 ad
913 2537 949 2575 E
974 2537 1021 2582 C,
1049 2536 1148 2575 sicut
1175 2543 1333 2584 tempus

272 2607 352 2645 quo
372 2601 523 2633 cometa
543 2591 723 2630 describit
747 2590 935 2640 eclipticae
953 2602 1089 2628 arcum
1113 2590 1215 2627 inter
1244 2589 1330 2627 lon-

273 2648 471 2700 gitudines
506 2647 543 2685 T
565 2647 604 2684 A
631 2654 670 2683 et
705 2652 723 2683 t
752 2645 802 2690 Β,
836 2643 887 2682 ad
912 2651 1067 2692 tempus
1093 2656 1172 2693 quo
1198 2654 1333 2680 arcum

273 2703 375 2740 inter
389 2709 404 2739 t
423 2702 457 2739 B
474 2709 513 2739 et
530 2701 567 2739 T
584 2701 617 2739 C
633 2699 814 2737 describit
830 2697 963 2750 (Lem.
986 2696 1137 2745 VIII.)
1155 2695 1222 2733 sed
1241 2696 1278 2733 A
1298 2695 1331 2734 C

274 2755 331 2793 ita
358 2757 444 2805 (per
475 2755 589 2793 Lem.
614 2752 770 2801 VIII.)
791 2759 877 2789 acta
894 2758 951 2789 est
974 2762 1044 2799 per
1073 2750 1124 2796 E,
1154 2756 1200 2786 ut
1231 2749 1270 2786 A
1292 2748 1330 2786 E

275 2808 326 2848 sit
352 2809 402 2847 ad
438 2808 475 2846 E
500 2809 532 2847 C
560 2807 602 2845 in
630 2805 768 2845 eadem
787 2802 857 2842 illa
883 2803 1043 2849 ratione,
1071 2814 1213 2851 nempe
1232 2802 1333 2840 sicut

276 2869 431 2911 tempus
448 2862 549 2899 inter
567 2858 871 2899 observationem
889 2858 1055 2906 primam
1068 2863 1107 2893 et
1121 2855 1333 2894 secundam

275 2916 327 2955 ad
345 2922 500 2965 tempus
527 2915 628 2952 inter
646 2911 950 2951 observationem
969 2908 1180 2949 secundam
1200 2917 1239 2946 et
1257 2916 1333 2945 ter-

275 2970 383 3008 tiam.
447 2967 572 3007 Recte
590 2967 711 3018 igitur
729 2972 815 3004 acta
832 2971 890 3003 est
912 2964 950 3001 A
974 2964 1020 3009 C,
1040 2975 1109 3011 per
1130 2963 1167 3000 E
1188 2961 1333 2999 scilicet

277 3022 468 3061 transiens
488 3030 529 3059 et
547 3022 668 3059 divisa
684 3020 727 3057 in
748 3019 787 3057 E
807 3026 852 3056 ut
869 3019 1078 3067 oportebat,
1108 3029 1153 3054 ac
1171 3014 1333 3064 proinde

277 3076 311 3114 si
329 3073 448 3113 modo
465 3083 656 3124 punctum
678 3073 727 3118 B,
748 3070 851 3110 recte
870 3071 988 3109 fuerit
1002 3076 1243 3118 assumptum
1262 3080 1334 3118 pro

216 3162 219 3165 .
278 3137 441 3168 cometae
458 3129 621 3179 vestigio
640 3127 680 3165 in
699 3125 966 3165 observatione
984 3122 1165 3167 secunda,
1185 3129 1333 3170 puncta

281 3184 335 3227 A,
361 3183 394 3221 C
414 3189 507 3220 sunt
524 3180 698 3233 ejusdem
717 3178 877 3229 vestigia
895 3174 1188 3229 quamproxime
1207 3175 1249 3213 in
1264 3177 1332 3214 ob-

279 3235 560 3274 servationibus
578 3232 703 3284 prima
721 3240 760 3270 et
777 3231 903 3271 tertia.

333 3288 387 3342 (t)
409 3291 432 3315 ¹*
455 3291 592 3328 Erunt
612 3290 663 3333 A,
685 3290 736 3333 B,
760 3288 800 3325 C.
858 3286 1040 3334 Superest
1061 3282 1144 3334 jam
1171 3288 1217 3320 ut
1244 3280 1331 3332 dig-

278 3350 462 3381 noscatur
492 3355 544 3381 an
574 3349 766 3390 punctum
795 3339 830 3378 B
859 3337 902 3376 in
928 3335 1058 3375 media
1087 3334 1335 3386 longitudine

278 3394 383 3435 recte
412 3396 533 3434 fuerit
561 3401 806 3443 assumptum
839 3398 1001 3430 cometae
1028 3389 1249 3440 vestigium,
1287 3395 1334 3426 ut

278 3462 385 3489 error
403 3450 495 3487 hinc
514 3456 633 3494 ortus,
662 3448 694 3485 si
723 3446 810 3497 quis
827 3444 957 3492 fuerit,
985 3444 1212 3493 corrigatur,
1241 3441 1333 3481 reli-

278 3503 379 3554 quis,
400 3516 488 3553 quae
506 3504 696 3541 hactenus
710 3500 810 3538 facta
824 3506 928 3545 sunt,
944 3497 1204 3537 manentibus.
1249 3496 1334 3534 De-

278 3556 358 3595 leto
384 3558 512 3606 priore
538 3554 898 3605 parallelogrammo
935 3552 951 3589 i
980 3551 1002 3590 Ι
1023 3559 1050 3590 λ
1068 3567 1110 3600 μ,
1141 3549 1192 3588 ad
1230 3547 1334 3599 prio-

277 3622 361 3648 rem
393 3610 602 3659 minusque
630 3615 850 3647 accuratam
881 3603 1065 3644 chordam
1105 3604 1138 3643 C
1170 3605 1209 3641 A
1239 3615 1332 3640 con-

278 3663 425 3709 stituto,
459 3663 696 3702 describatur
732 3660 898 3700 alterum
929 3658 981 3697 ad
1015 3656 1266 3706 posteriorem
1294 3662 1334 3693 et

278 3716 556 3755 accuratiorem
592 3715 776 3754 chordam
824 3714 857 3753 C
892 3713 961 3760 A;
1008 3709 1147 3749 eadem
1182 3707 1333 3747 adhibi-

277 3767 320 3807 ta
362 3769 647 3808 constructione
691 3775 738 3806 ut
775 3766 895 3816 prius.
973 3764 1040 3803 Ex
1081 3763 1237 3813 punctis
1276 3762 1331 3808 A,

279 3822 318 3868 1,
342 3822 389 3868 C,
420 3822 620 3872 erigantur
647 3821 696 3860 ad
733 3821 766 3860 C
789 3822 828 3859 A
855 3817 1048 3858 normales
1079 3818 1117 3856 A
1140 3817 1202 3862 M,
1234 3815 1256 3854 1
1280 3815 1330 3860 O,

282 3875 317 3914 C
349 3875 403 3921 N,
432 3875 558 3925 sitque
588 3876 627 3913 A
651 3875 698 3913 M
725 3881 891 3924 tangens
918 3879 1022 3911 notae
1048 3868 1264 3909 latitudinis
1289 3868 1332 3905 in

279 3927 544 3968 observatione
561 3927 688 3978 prima
705 3926 756 3966 ad
773 3926 927 3966 radium
948 3925 986 3964 T
1007 3924 1061 3971 A,
1079 3930 1119 3962 et
1139 3923 1172 3962 C
1186 3922 1228 3961 N
1247 3929 1331 3960 tan-
