<?xml version="1.0" encoding="UTF-8"?>
<!DOCTYPE html PUBLIC "-//W3C//DTD XHTML 1.0 Transitional//EN"
    "http://www.w3.org/TR/xhtml1/DTD/xhtml1-transitional.dtd">
<html xmlns="http://www.w3.org/1999/xhtml" xml:lang="en" lang="en">
 <head>
  <title>
</title>
<meta http-equiv="Content-Type" content="text/html;charset=utf-8" />
  <meta name='ocr-system' content='tesseract 3.04.00' />
  <meta name='ocr-capabilities' content='ocr_page ocr_carea ocr_par ocr_line ocrx_word'/>
</head>
<body>
  <div class='ocr_page' id='page_1' title='image "./philonatrualprin04newtrich_0081.png"; bbox 0 0 2540 4296; ppageno 0'>
   <div class='ocr_carea' id='block_1_1' title="bbox 63 292 2197 367">
    <p class='ocr_par' dir='ltr' id='par_1_1' title="bbox 63 292 2197 367">
     <span class='ocr_line' id='line_1_1' title="bbox 63 292 2197 367; baseline -0.003 -17"><span class='ocrx_word' id='word_1_1' title='bbox 63 300 246 350; x_wconf 64' lang='lat' dir='ltr'><strong>Lmen</strong></span> <span class='ocrx_word' id='word_1_2' title='bbox 273 297 568 360; x_wconf 57' lang='lat' dir='ltr'><strong>Titanus]</strong></span> <span class='ocrx_word' id='word_1_3' title='bbox 647 294 1046 367; x_wconf 77' lang='lat' dir='ltr'>PRINCIPIA</span> <span class='ocrx_word' id='word_1_4' title='bbox 1089 292 1705 349; x_wconf 86' lang='lat' dir='ltr'>MATHEMATICA.</span> <span class='ocrx_word' id='word_1_5' title='bbox 2131 301 2197 345; x_wconf 83' lang='lat'><strong>63</strong></span> 
     </span>
    </p>
   </div>
   <div class='ocr_carea' id='block_1_2' title="bbox 39 435 2199 1860">
    <p class='ocr_par' dir='ltr' id='par_1_2' title="bbox 39 435 2199 1227">
     <span class='ocr_line' id='line_1_2' title="bbox 59 435 2199 509; baseline -0.002 -16"><span class='ocrx_word' id='word_1_6' title='bbox 59 442 322 493; x_wconf 82' lang='lat' dir='ltr'><strong>inclinati-o</strong></span> <span class='ocrx_word' id='word_1_7' title='bbox 347 441 516 491; x_wconf 88' lang='lat' dir='ltr'><strong>minor</strong></span> <span class='ocrx_word' id='word_1_8' title='bbox 541 449 617 490; x_wconf 92' lang='lat' dir='ltr'><strong>est</strong></span> <span class='ocrx_word' id='word_1_9' title='bbox 642 439 731 490; x_wconf 90' lang='lat' dir='ltr'><strong>ubi</strong></span> <span class='ocrx_word' id='word_1_10' title='bbox 756 439 909 490; x_wconf 90' lang='lat' dir='ltr'><strong>Luna</strong></span> <span class='ocrx_word' id='word_1_11' title='bbox 944 448 1177 490; x_wconf 88' lang='lat' dir='ltr'><strong>versatur</strong></span> <span class='ocrx_word' id='word_1_12' title='bbox 1201 439 1255 489; x_wconf 89' lang='lat' dir='ltr'><strong>in</strong></span> <span class='ocrx_word' id='word_1_13' title='bbox 1281 439 1517 509; x_wconf 86' lang='lat' dir='ltr'><strong>syzygiis,</strong></span> <span class='ocrx_word' id='word_1_14' title='bbox 1559 456 1714 508; x_wconf 89' lang='lat' dir='ltr'><strong>quam</strong></span> <span class='ocrx_word' id='word_1_15' title='bbox 1739 435 1830 487; x_wconf 92' lang='lat' dir='ltr'><strong>ubi</strong></span> <span class='ocrx_word' id='word_1_16' title='bbox 1867 454 1928 487; x_wconf 88' lang='lat' dir='ltr'><strong>ea</strong></span> <span class='ocrx_word' id='word_1_17' title='bbox 1964 446 2199 488; x_wconf 84' lang='lat' dir='ltr'><strong>versatur</strong></span> 
     </span>
     <span class='ocr_line' id='line_1_3' title="bbox 59 526 2198 602; baseline -0.002 -19"><span class='ocrx_word' id='word_1_18' title='bbox 59 533 115 583; x_wconf 92' lang='lat' dir='ltr'><strong>in</strong></span> <span class='ocrx_word' id='word_1_19' title='bbox 140 533 479 602; x_wconf 84' lang='lat' dir='ltr'><strong>quadraturis,</strong></span> <span class='ocrx_word' id='word_1_20' title='bbox 509 550 723 583; x_wconf 84' lang='lat' dir='ltr'><strong>excessu</strong></span> <span class='ocrx_word' id='word_1_21' title='bbox 747 531 812 580; x_wconf 78' lang='lat'><strong>2&#39;.</strong></span> <span class='ocrx_word' id='word_1_22' title='bbox 841 531 958 580; x_wconf 65' lang='lat'>43²².</span> <span class='ocrx_word' id='word_1_23' title='bbox 974 549 988 591; x_wconf 99' lang='lat'><em>3</em></span> <span class='ocrx_word' id='word_1_24' title='bbox 1015 529 1091 580; x_wconf 91' lang='lat' dir='ltr'><strong>uti</strong></span> <span class='ocrx_word' id='word_1_25' title='bbox 1116 530 1169 579; x_wconf 91' lang='lat' dir='ltr'><strong>in</strong></span> <span class='ocrx_word' id='word_1_26' title='bbox 1198 529 1573 597; x_wconf 89' lang='lat' dir='ltr'><strong>Propositionis</strong></span> <span class='ocrx_word' id='word_1_27' title='bbox 1601 526 1878 596; x_wconf 90' lang='lat' dir='ltr'><strong>superioris</strong></span> <span class='ocrx_word' id='word_1_28' title='bbox 1908 526 2198 578; x_wconf 90' lang='lat' dir='ltr'><strong>Corollario</strong></span> 
     </span>
     <span class='ocr_line' id='line_1_4' title="bbox 61 604 2198 692; baseline -0.002 -19"><span class='ocrx_word' id='word_1_29' title='bbox 61 604 244 692; x_wconf 90' lang='lat' dir='ltr'><strong>quarto</strong></span> <span class='ocrx_word' id='word_1_30' title='bbox 269 622 621 674; x_wconf 82' lang='lat' dir='ltr'><strong>indicavimus.</strong></span> <span class='ocrx_word' id='word_1_31' title='bbox 697 621 767 672; x_wconf 93' lang='lat' dir='ltr'><strong>Et</strong></span> <span class='ocrx_word' id='word_1_32' title='bbox 807 620 960 688; x_wconf 87' lang='lat' dir='ltr'><strong>hujus</strong></span> <span class='ocrx_word' id='word_1_33' title='bbox 1005 618 1246 672; x_wconf 67' lang='lat' dir='ltr'><strong>excessus</strong></span> <span class='ocrx_word' id='word_1_34' title='bbox 1290 620 1505 671; x_wconf 89' lang='lat' dir='ltr'><strong>dimidio</strong></span> <span class='ocrx_word' id='word_1_35' title='bbox 1549 622 1609 672; x_wconf 87' lang='lat' dir='ltr'><strong>l&#39;.</strong></span> <span class='ocrx_word' id='word_1_36' title='bbox 1650 619 1798 681; x_wconf 49' lang='grc' dir='ltr'><strong>21ὲῆ</strong></span> <span class='ocrx_word' id='word_1_37' title='bbox 1838 618 2052 670; x_wconf 83' lang='lat' dir='ltr'><strong>variatio</strong></span> <span class='ocrx_word' id='word_1_38' title='bbox 2089 628 2198 670; x_wconf 88' lang='lat' dir='ltr'><strong>tota</strong></span> 
     </span>
     <span class='ocr_line' id='line_1_5' title="bbox 58 707 2196 777; baseline -0.003 -14"><span class='ocrx_word' id='word_1_39' title='bbox 58 712 331 763; x_wconf 90' lang='lat' dir='ltr'><strong>mediocris</strong></span> <span class='ocrx_word' id='word_1_40' title='bbox 377 712 424 762; x_wconf 87' lang='lat' dir='ltr'>B</span> <span class='ocrx_word' id='word_1_41' title='bbox 468 711 523 762; x_wconf 94' lang='lat' dir='ltr'>D</span> <span class='ocrx_word' id='word_1_42' title='bbox 564 710 616 759; x_wconf 92' lang='lat' dir='ltr'><strong>in</strong></span> <span class='ocrx_word' id='word_1_43' title='bbox 654 708 981 777; x_wconf 84' lang='lat' dir='ltr'><strong>quadraturis</strong></span> <span class='ocrx_word' id='word_1_44' title='bbox 1007 709 1271 759; x_wconf 91' lang='lat' dir='ltr'><strong>lunaribus</strong></span> <span class='ocrx_word' id='word_1_45' title='bbox 1299 708 1552 759; x_wconf 89' lang='lat' dir='ltr'><strong>diminuta</strong></span> <span class='ocrx_word' id='word_1_46' title='bbox 1578 708 1638 759; x_wconf 85' lang='lat' dir='ltr'><strong>fit</strong></span> <span class='ocrx_word' id='word_1_47' title='bbox 1667 710 1764 760; x_wconf 86' lang='lat'><strong>15&#39;.</strong></span> <span class='ocrx_word' id='word_1_48' title='bbox 1794 709 1892 769; x_wconf 56' lang='lat'><strong>2²2,</strong></span> <span class='ocrx_word' id='word_1_49' title='bbox 1938 707 1993 756; x_wconf 90' lang='lat' dir='ltr'><strong>in</strong></span> <span class='ocrx_word' id='word_1_50' title='bbox 2035 707 2196 775; x_wconf 89' lang='lat' dir='ltr'><strong>ipsius</strong></span> 
     </span>
     <span class='ocr_line' id='line_1_6' title="bbox 39 797 2193 875; baseline -0.002 -23"><span class='ocrx_word' id='word_1_51' title='bbox 39 812 229 866; x_wconf 29' lang='lat' dir='ltr'><strong>‘autem</strong></span> <span class='ocrx_word' id='word_1_52' title='bbox 255 801 472 870; x_wconf 81' lang='lat' dir='ltr'><strong>syzygiis</strong></span> <span class='ocrx_word' id='word_1_53' title='bbox 498 808 647 850; x_wconf 88' lang='lat' dir='ltr'><strong>aucta</strong></span> <span class='ocrx_word' id='word_1_54' title='bbox 671 797 731 848; x_wconf 87' lang='lat' dir='ltr'><strong>fit</strong></span> <span class='ocrx_word' id='word_1_55' title='bbox 760 800 857 852; x_wconf 82' lang='lat'><strong>17&#39;.</strong></span> <span class='ocrx_word' id='word_1_56' title='bbox 886 800 1003 849; x_wconf 67' lang='lat' dir='ltr'><em>43&#39;s.</em></span> <span class='ocrx_word' id='word_1_57' title='bbox 1071 799 1127 850; x_wconf 83' lang='lat' dir='ltr'><strong>Si</strong></span> <span class='ocrx_word' id='word_1_58' title='bbox 1154 798 1306 850; x_wconf 91' lang='lat' dir='ltr'><strong>Luna</strong></span> <span class='ocrx_word' id='word_1_59' title='bbox 1329 797 1487 875; x_wconf 84' lang='lat' dir='ltr'><strong>igitur</strong></span> <span class='ocrx_word' id='word_1_60' title='bbox 1512 798 1566 847; x_wconf 89' lang='lat' dir='ltr'><strong>in</strong></span> <span class='ocrx_word' id='word_1_61' title='bbox 1593 798 1811 867; x_wconf 86' lang='lat' dir='ltr'><strong>syzygiis</strong></span> <span class='ocrx_word' id='word_1_62' title='bbox 1839 798 2193 860; x_wconf 83' lang='lat' dir='ltr'><strong>constituatur,</strong></span> 
     </span>
     <span class='ocr_line' id='line_1_7' title="bbox 56 885 2192 956; baseline 0 -16"><span class='ocrx_word' id='word_1_63' title='bbox 56 889 269 941; x_wconf 86' lang='lat' dir='ltr'><strong>variatio</strong></span> <span class='ocrx_word' id='word_1_64' title='bbox 295 898 401 940; x_wconf 90' lang='lat' dir='ltr'><strong>tota</strong></span> <span class='ocrx_word' id='word_1_65' title='bbox 425 887 477 937; x_wconf 91' lang='lat' dir='ltr'><strong>in</strong></span> <span class='ocrx_word' id='word_1_66' title='bbox 511 886 730 938; x_wconf 90' lang='lat' dir='ltr'><strong>transitu</strong></span> <span class='ocrx_word' id='word_1_67' title='bbox 753 885 1014 937; x_wconf 91' lang='lat' dir='ltr'><strong>nodorum</strong></span> <span class='ocrx_word' id='word_1_68' title='bbox 1038 906 1069 937; x_wconf 91' lang='lat' dir='ltr'><strong>a</strong></span> <span class='ocrx_word' id='word_1_69' title='bbox 1094 887 1416 956; x_wconf 86' lang='lat' dir='ltr'><strong>quadraturis</strong></span> <span class='ocrx_word' id='word_1_70' title='bbox 1441 887 1507 937; x_wconf 92' lang='lat' dir='ltr'><strong>ad</strong></span> <span class='ocrx_word' id='word_1_71' title='bbox 1534 887 1763 956; x_wconf 83' lang='lat' dir='ltr'><strong>syzygias</strong></span> <span class='ocrx_word' id='word_1_72' title='bbox 1790 887 1887 937; x_wconf 91' lang='lat' dir='ltr'><strong>erit</strong></span> <span class='ocrx_word' id='word_1_73' title='bbox 1916 889 2012 942; x_wconf 79' lang='lat'><strong>17&#39;.</strong></span> <span class='ocrx_word' id='word_1_74' title='bbox 2042 890 2157 940; x_wconf 69' lang='lat' dir='ltr'><em>45&#39;s.</em></span> <span class='ocrx_word' id='word_1_75' title='bbox 2181 908 2192 939; x_wconf 75' lang='grc' dir='ltr'><strong><em>ε</em></strong></span> 
     </span>
     <span class='ocr_line' id='line_1_8' title="bbox 56 975 2193 1047; baseline 0 -18"><span class='ocrx_word' id='word_1_76' title='bbox 56 978 277 1047; x_wconf 72' lang='lat' dir='ltr'><strong>ideoque</strong></span> <span class='ocrx_word' id='word_1_77' title='bbox 312 977 355 1028; x_wconf 91' lang='lat' dir='ltr'><strong>si</strong></span> <span class='ocrx_word' id='word_1_78' title='bbox 391 975 671 1039; x_wconf 85' lang='lat' dir='ltr'><strong>inclinatio,</strong></span> <span class='ocrx_word' id='word_1_79' title='bbox 715 976 806 1027; x_wconf 86' lang='lat' dir='ltr'><strong>ubi</strong></span> <span class='ocrx_word' id='word_1_80' title='bbox 830 975 956 1026; x_wconf 90' lang='lat' dir='ltr'><strong>nodi</strong></span> <span class='ocrx_word' id='word_1_81' title='bbox 999 976 1053 1026; x_wconf 92' lang='lat' dir='ltr'><strong>in</strong></span> <span class='ocrx_word' id='word_1_82' title='bbox 1097 976 1315 1047; x_wconf 86' lang='lat' dir='ltr'><strong>syzygiis</strong></span> <span class='ocrx_word' id='word_1_83' title='bbox 1342 986 1627 1038; x_wconf 82' lang='lat' dir='ltr'><strong>versantur,</strong></span> <span class='ocrx_word' id='word_1_84' title='bbox 1674 977 1740 1028; x_wconf 90' lang='lat' dir='ltr'><strong>sit</strong></span> <span class='ocrx_word' id='word_1_85' title='bbox 1778 982 1863 1027; x_wconf 60' lang='grc' dir='ltr'><strong>ὅθ’.</strong></span> <span class='ocrx_word' id='word_1_86' title='bbox 1908 979 2005 1031; x_wconf 81' lang='lat'><strong>17&#39;.</strong></span> <span class='ocrx_word' id='word_1_87' title='bbox 2045 980 2162 1029; x_wconf 60' lang='lat'><strong>200.</strong></span> <span class='ocrx_word' id='word_1_88' title='bbox 2179 998 2193 1040; x_wconf 90' lang='lat'><em>3</em></span> 
     </span>
     <span class='ocr_line' id='line_1_9' title="bbox 55 1064 2192 1135; baseline -0.001 -15"><span class='ocrx_word' id='word_1_89' title='bbox 55 1068 251 1130; x_wconf 89' lang='lat' dir='ltr'><strong>eadem,</strong></span> <span class='ocrx_word' id='word_1_90' title='bbox 279 1066 369 1117; x_wconf 92' lang='lat' dir='ltr'><strong>ubi</strong></span> <span class='ocrx_word' id='word_1_91' title='bbox 393 1065 518 1117; x_wconf 91' lang='lat' dir='ltr'><strong>nodi</strong></span> <span class='ocrx_word' id='word_1_92' title='bbox 544 1074 663 1116; x_wconf 90' lang='lat' dir='ltr'><strong>sunt</strong></span> <span class='ocrx_word' id='word_1_93' title='bbox 686 1065 741 1115; x_wconf 88' lang='lat' dir='ltr'><strong>in</strong></span> <span class='ocrx_word' id='word_1_94' title='bbox 767 1065 1106 1134; x_wconf 85' lang='lat' dir='ltr'><strong>quadraturis,</strong></span> <span class='ocrx_word' id='word_1_95' title='bbox 1135 1075 1185 1116; x_wconf 92' lang='lat' dir='ltr'><strong>et</strong></span> <span class='ocrx_word' id='word_1_96' title='bbox 1211 1065 1364 1116; x_wconf 89' lang='lat' dir='ltr'><strong>Luna</strong></span> <span class='ocrx_word' id='word_1_97' title='bbox 1383 1065 1436 1115; x_wconf 90' lang='lat' dir='ltr'><strong>in</strong></span> <span class='ocrx_word' id='word_1_98' title='bbox 1457 1064 1692 1135; x_wconf 88' lang='lat' dir='ltr'><strong>syzygiis,</strong></span> <span class='ocrx_word' id='word_1_99' title='bbox 1723 1064 1820 1116; x_wconf 89' lang='lat' dir='ltr'><strong>erit</strong></span> <span class='ocrx_word' id='word_1_100' title='bbox 1845 1071 1931 1116; x_wconf 66' lang='lat'><strong>43‘.</strong></span> <span class='ocrx_word' id='word_1_101' title='bbox 1955 1067 2055 1117; x_wconf 85' lang='lat'><strong>59&#39;.</strong></span> <span class='ocrx_word' id='word_1_102' title='bbox 2076 1069 2192 1119; x_wconf 70' lang='lat' dir='ltr'><em>35&#39;s.</em></span> 
     </span>
     <span class='ocr_line' id='line_1_10' title="bbox 56 1156 1696 1227; baseline -0.002 -17"><span class='ocrx_word' id='word_1_103' title='bbox 56 1159 229 1227; x_wconf 83' lang='lat' dir='ltr'><strong>Atque</strong></span> <span class='ocrx_word' id='word_1_104' title='bbox 252 1156 366 1207; x_wconf 86' lang='lat' dir='ltr'><strong>haec</strong></span> <span class='ocrx_word' id='word_1_105' title='bbox 391 1156 462 1207; x_wconf 89' lang='lat' dir='ltr'><strong>ita</strong></span> <span class='ocrx_word' id='word_1_106' title='bbox 488 1175 541 1207; x_wconf 90' lang='lat' dir='ltr'><strong>se</strong></span> <span class='ocrx_word' id='word_1_107' title='bbox 565 1156 759 1207; x_wconf 90' lang='lat' dir='ltr'><strong>habere</strong></span> <span class='ocrx_word' id='word_1_108' title='bbox 785 1156 1120 1208; x_wconf 90' lang='lat' dir='ltr'><strong>confirmatur</strong></span> <span class='ocrx_word' id='word_1_109' title='bbox 1144 1174 1211 1207; x_wconf 84' lang='lat' dir='ltr'><strong>ex</strong></span> <span class='ocrx_word' id='word_1_110' title='bbox 1237 1156 1696 1208; x_wconf 87' lang='lat' dir='ltr'><strong>observationibus.</strong></span> 
     </span>
    </p>

    <p class='ocr_par' dir='ltr' id='par_1_3' title="bbox 48 1228 2195 1860">
     <span class='ocr_line' id='line_1_11' title="bbox 125 1228 2195 1318; baseline -0 -18"><span class='ocrx_word' id='word_1_111' title='bbox 125 1249 182 1302; x_wconf 90' lang='lat' dir='ltr'><strong>Si</strong></span> <span class='ocrx_word' id='word_1_112' title='bbox 199 1250 308 1318; x_wconf 87' lang='lat' dir='ltr'><strong>jam</strong></span> <span class='ocrx_word' id='word_1_113' title='bbox 333 1228 655 1298; x_wconf 66' lang='lat' dir='ltr'><strong>desideretur</strong></span> <span class='ocrx_word' id='word_1_114' title='bbox 680 1246 819 1297; x_wconf 88' lang='lat' dir='ltr'><strong>orbis</strong></span> <span class='ocrx_word' id='word_1_115' title='bbox 843 1246 1107 1297; x_wconf 89' lang='lat' dir='ltr'><strong>inclinatio</strong></span> <span class='ocrx_word' id='word_1_116' title='bbox 1131 1246 1234 1309; x_wconf 86' lang='lat' dir='ltr'><strong>illa,</strong></span> <span class='ocrx_word' id='word_1_117' title='bbox 1278 1245 1340 1314; x_wconf 71' lang='lat' dir='ltr'><strong>(d)</strong></span> <span class='ocrx_word' id='word_1_118' title='bbox 1374 1247 1463 1297; x_wconf 90' lang='lat' dir='ltr'><strong>ubi</strong></span> <span class='ocrx_word' id='word_1_119' title='bbox 1490 1247 1643 1297; x_wconf 84' lang='lat' dir='ltr'><strong>Luna</strong></span> <span class='ocrx_word' id='word_1_120' title='bbox 1668 1246 1722 1296; x_wconf 89' lang='lat' dir='ltr'><strong>in</strong></span> <span class='ocrx_word' id='word_1_121' title='bbox 1748 1247 1966 1316; x_wconf 87' lang='lat' dir='ltr'><strong>syzygiis</strong></span> <span class='ocrx_word' id='word_1_122' title='bbox 1993 1257 2044 1298; x_wconf 88' lang='lat' dir='ltr'><strong>et</strong></span> <span class='ocrx_word' id='word_1_123' title='bbox 2068 1247 2195 1299; x_wconf 91' lang='lat' dir='ltr'><strong>nodi</strong></span> 
     </span>
     <span class='ocr_line' id='line_1_12' title="bbox 51 1337 2193 1408; baseline -0.002 -16"><span class='ocrx_word' id='word_1_124' title='bbox 51 1340 217 1392; x_wconf 89' lang='lat' dir='ltr'><strong>ubivis</strong></span> <span class='ocrx_word' id='word_1_125' title='bbox 245 1349 513 1392; x_wconf 85' lang='lat' dir='ltr'><strong>versantur</strong></span> <span class='ocrx_word' id='word_1_126' title='bbox 527 1358 541 1400; x_wconf 90' lang='lat'><em>3</em></span> <span class='ocrx_word' id='word_1_127' title='bbox 580 1339 671 1389; x_wconf 87' lang='lat' dir='ltr'><strong>fiat</strong></span> <span class='ocrx_word' id='word_1_128' title='bbox 714 1338 766 1389; x_wconf 94' lang='lat' dir='ltr'>A</span> <span class='ocrx_word' id='word_1_129' title='bbox 794 1338 840 1389; x_wconf 91' lang='lat' dir='ltr'>B</span> <span class='ocrx_word' id='word_1_130' title='bbox 866 1337 934 1388; x_wconf 89' lang='lat' dir='ltr'><strong>ad</strong></span> <span class='ocrx_word' id='word_1_131' title='bbox 961 1337 1012 1388; x_wconf 91' lang='lat' dir='ltr'><strong>A</strong></span> <span class='ocrx_word' id='word_1_132' title='bbox 1038 1338 1094 1390; x_wconf 93' lang='lat' dir='ltr'>D</span> <span class='ocrx_word' id='word_1_133' title='bbox 1139 1348 1198 1389; x_wconf 88' lang='lat' dir='ltr'><strong>ut</strong></span> <span class='ocrx_word' id='word_1_134' title='bbox 1239 1338 1378 1389; x_wconf 90' lang='lat' dir='ltr'><strong>sinus</strong></span> <span class='ocrx_word' id='word_1_135' title='bbox 1419 1337 1678 1408; x_wconf 88' lang='lat' dir='ltr'><strong>graduum</strong></span> <span class='ocrx_word' id='word_1_136' title='bbox 1721 1345 1771 1388; x_wconf 80' lang='lat'><strong>4.</strong></span> <span class='ocrx_word' id='word_1_137' title='bbox 1819 1339 1920 1389; x_wconf 85' lang='lat'><strong>59&#39;.</strong></span> <span class='ocrx_word' id='word_1_138' title='bbox 1967 1340 2081 1390; x_wconf 67' lang='lat'><em>35²⁷.</em></span> <span class='ocrx_word' id='word_1_139' title='bbox 2126 1339 2193 1389; x_wconf 91' lang='lat' dir='ltr'><strong>ad</strong></span> 
     </span>
     <span class='ocr_line' id='line_1_13' title="bbox 51 1425 2193 1500; baseline -0.001 -19"><span class='ocrx_word' id='word_1_140' title='bbox 51 1432 219 1481; x_wconf 90' lang='lat' dir='ltr'><strong>sinum</strong></span> <span class='ocrx_word' id='word_1_141' title='bbox 242 1428 499 1500; x_wconf 86' lang='lat' dir='ltr'><strong>graduum</strong></span> <span class='ocrx_word' id='word_1_142' title='bbox 527 1433 574 1479; x_wconf 86' lang='lat'><strong>5.</strong></span> <span class='ocrx_word' id='word_1_143' title='bbox 597 1432 660 1481; x_wconf 83' lang='lat'><strong>17</strong></span> <span class='ocrx_word' id='word_1_144' title='bbox 666 1428 680 1452; x_wconf 85' lang='lat'><em>&#39;</em></span> <span class='ocrx_word' id='word_1_145' title='bbox 683 1465 695 1477; x_wconf 88' lang='lat'><strong><em>.</em></strong></span> <span class='ocrx_word' id='word_1_146' title='bbox 717 1428 851 1488; x_wconf 56' lang='lat'><strong>20¹2,</strong></span> <span class='ocrx_word' id='word_1_147' title='bbox 882 1437 932 1477; x_wconf 93' lang='lat' dir='ltr'><strong>et</strong></span> <span class='ocrx_word' id='word_1_148' title='bbox 957 1426 1187 1494; x_wconf 88' lang='lat' dir='ltr'><strong>capiatur</strong></span> <span class='ocrx_word' id='word_1_149' title='bbox 1213 1426 1430 1497; x_wconf 86' lang='lat' dir='ltr'><strong>angulus</strong></span> <span class='ocrx_word' id='word_1_150' title='bbox 1459 1428 1510 1477; x_wconf 94' lang='lat' dir='ltr'>A</span> <span class='ocrx_word' id='word_1_151' title='bbox 1532 1427 1579 1477; x_wconf 88' lang='lat' dir='ltr'>E</span> <span class='ocrx_word' id='word_1_152' title='bbox 1602 1426 1656 1478; x_wconf 87' lang='lat' dir='ltr'><strong>G</strong></span> <span class='ocrx_word' id='word_1_153' title='bbox 1679 1425 1891 1495; x_wconf 83' lang='lat' dir='ltr'><strong>aequalis</strong></span> <span class='ocrx_word' id='word_1_154' title='bbox 1918 1426 2193 1495; x_wconf 84' lang='lat' dir='ltr'><strong>duplicatae</strong></span> 
     </span>
     <span class='ocr_line' id='line_1_14' title="bbox 50 1503 2190 1588; baseline -0.001 -16"><span class='ocrx_word' id='word_1_155' title='bbox 50 1520 304 1572; x_wconf 79' lang='lat' dir='ltr'><strong>distantiae</strong></span> <span class='ocrx_word' id='word_1_156' title='bbox 330 1518 587 1569; x_wconf 87' lang='lat' dir='ltr'><strong>nodorum</strong></span> <span class='ocrx_word' id='word_1_157' title='bbox 611 1536 642 1567; x_wconf 92' lang='lat' dir='ltr'><strong>a</strong></span> <span class='ocrx_word' id='word_1_158' title='bbox 667 1516 1018 1586; x_wconf 86' lang='lat' dir='ltr'><strong>quadraturis3</strong></span> <span class='ocrx_word' id='word_1_159' title='bbox 1047 1528 1098 1569; x_wconf 90' lang='lat' dir='ltr'><strong>et</strong></span> <span class='ocrx_word' id='word_1_160' title='bbox 1124 1518 1219 1569; x_wconf 88' lang='lat' dir='ltr'><strong>erit</strong></span> <span class='ocrx_word' id='word_1_161' title='bbox 1245 1521 1294 1569; x_wconf 96' lang='lat' dir='ltr'><strong>A</strong></span> <span class='ocrx_word' id='word_1_162' title='bbox 1318 1503 1377 1569; x_wconf 90' lang='lat' dir='ltr'><strong>H</strong></span> <span class='ocrx_word' id='word_1_163' title='bbox 1405 1519 1544 1569; x_wconf 87' lang='lat' dir='ltr'><strong>sinus</strong></span> <span class='ocrx_word' id='word_1_164' title='bbox 1572 1518 1917 1569; x_wconf 86' lang='lat' dir='ltr'><strong>inclinationis</strong></span> <span class='ocrx_word' id='word_1_165' title='bbox 1945 1519 2190 1588; x_wconf 77' lang='lat' dir='ltr'><strong>quaesitae.</strong></span> 
     </span>
     <span class='ocr_line' id='line_1_15' title="bbox 52 1606 2192 1679; baseline -0 -19"><span class='ocrx_word' id='word_1_166' title='bbox 52 1611 112 1679; x_wconf 64' lang='grc' dir='ltr'><strong>(θ)</strong></span> <span class='ocrx_word' id='word_1_167' title='bbox 156 1609 301 1661; x_wconf 88' lang='lat' dir='ltr'><strong>Huic</strong></span> <span class='ocrx_word' id='word_1_168' title='bbox 327 1608 465 1658; x_wconf 89' lang='lat' dir='ltr'><strong>orbis</strong></span> <span class='ocrx_word' id='word_1_169' title='bbox 492 1606 812 1657; x_wconf 83' lang='lat' dir='ltr'><strong>inclinationi</strong></span> <span class='ocrx_word' id='word_1_170' title='bbox 837 1607 1048 1676; x_wconf 83' lang='lat' dir='ltr'><strong>aequalis</strong></span> <span class='ocrx_word' id='word_1_171' title='bbox 1075 1618 1152 1658; x_wconf 89' lang='lat' dir='ltr'><strong>est</strong></span> <span class='ocrx_word' id='word_1_172' title='bbox 1177 1607 1405 1676; x_wconf 85' lang='lat' dir='ltr'><strong>ejusdem</strong></span> <span class='ocrx_word' id='word_1_173' title='bbox 1430 1608 1712 1671; x_wconf 87' lang='lat' dir='ltr'><strong>inclinatio,</strong></span> <span class='ocrx_word' id='word_1_174' title='bbox 1742 1609 1833 1659; x_wconf 88' lang='lat' dir='ltr'><strong>ubi</strong></span> <span class='ocrx_word' id='word_1_175' title='bbox 1860 1608 2013 1659; x_wconf 89' lang='lat' dir='ltr'><strong>Luna</strong></span> <span class='ocrx_word' id='word_1_176' title='bbox 2039 1609 2192 1661; x_wconf 90' lang='lat' dir='ltr'><strong>distat</strong></span> 
     </span>
     <span class='ocr_line' id='line_1_16' title="bbox 51 1700 422 1755; baseline -0.013 0"><span class='ocrx_word' id='word_1_177' title='bbox 51 1708 174 1755; x_wconf 65' lang='lat'><strong>908¹.</strong></span> <span class='ocrx_word' id='word_1_178' title='bbox 203 1721 232 1752; x_wconf 92' lang='lat' dir='ltr'><strong>a</strong></span> <span class='ocrx_word' id='word_1_179' title='bbox 256 1700 422 1751; x_wconf 80' lang='lat' dir='ltr'><strong>nodis,</strong></span> 
     </span>
     <span class='ocr_line' id='line_1_17' title="bbox 48 1787 2189 1860; baseline -0 -17"><span class='ocrx_word' id='word_1_180' title='bbox 48 1793 128 1844; x_wconf 93' lang='lat' dir='ltr'><strong>nis</strong></span> <span class='ocrx_word' id='word_1_181' title='bbox 154 1791 367 1843; x_wconf 89' lang='lat' dir='ltr'><strong>variatio</strong></span> <span class='ocrx_word' id='word_1_182' title='bbox 392 1789 631 1852; x_wconf 87' lang='lat' dir='ltr'><strong>admittit,</strong></span> <span class='ocrx_word' id='word_1_183' title='bbox 671 1787 727 1858; x_wconf 76' lang='lat' dir='ltr'><strong>(f)</strong></span> <span class='ocrx_word' id='word_1_184' title='bbox 765 1788 820 1839; x_wconf 93' lang='lat' dir='ltr'><strong>in</strong></span> <span class='ocrx_word' id='word_1_185' title='bbox 846 1788 1043 1840; x_wconf 90' lang='lat' dir='ltr'><strong>calculo</strong></span> <span class='ocrx_word' id='word_1_186' title='bbox 1068 1789 1351 1841; x_wconf 89' lang='lat' dir='ltr'><strong>latitudinis</strong></span> <span class='ocrx_word' id='word_1_187' title='bbox 1379 1790 1548 1841; x_wconf 89' lang='lat' dir='ltr'><strong>Lunae</strong></span> <span class='ocrx_word' id='word_1_188' title='bbox 1575 1800 1954 1859; x_wconf 85' lang='lat' dir='ltr'><strong>compensatur,</strong></span> <span class='ocrx_word' id='word_1_189' title='bbox 1985 1801 2036 1842; x_wconf 86' lang='lat' dir='ltr'><strong>et</strong></span> <span class='ocrx_word' id='word_1_190' title='bbox 2061 1810 2189 1860; x_wconf 86' lang='lat' dir='ltr'><strong>quo-</strong></span> 
     </span>
    </p>
   </div>
   <div class='ocr_carea' id='block_1_3' title="bbox 499 1698 2189 1768">
    <p class='ocr_par' dir='ltr' id='par_1_4' title="bbox 499 1698 2189 1768">
     <span class='ocr_line' id='line_1_18' title="bbox 499 1698 2189 1768; baseline 0.001 -18"><span class='ocrx_word' id='word_1_191' title='bbox 499 1699 565 1750; x_wconf 91' lang='lat' dir='ltr'><strong>In</strong></span> <span class='ocrx_word' id='word_1_192' title='bbox 589 1698 699 1750; x_wconf 91' lang='lat' dir='ltr'><strong>aliis</strong></span> <span class='ocrx_word' id='word_1_193' title='bbox 727 1698 894 1749; x_wconf 85' lang='lat' dir='ltr'><strong>Lunae</strong></span> <span class='ocrx_word' id='word_1_194' title='bbox 919 1699 1046 1750; x_wconf 92' lang='lat' dir='ltr'><strong>locis</strong></span> <span class='ocrx_word' id='word_1_195' title='bbox 1071 1699 1390 1767; x_wconf 87' lang='lat' dir='ltr'><strong>inaequalitas</strong></span> <span class='ocrx_word' id='word_1_196' title='bbox 1415 1709 1695 1761; x_wconf 88' lang='lat' dir='ltr'><strong>menstrua,</strong></span> <span class='ocrx_word' id='word_1_197' title='bbox 1725 1717 1881 1768; x_wconf 89' lang='lat' dir='ltr'><strong>quam</strong></span> <span class='ocrx_word' id='word_1_198' title='bbox 1901 1699 2189 1752; x_wconf 87' lang='lat' dir='ltr'><strong>inclinatio—</strong></span> 
     </span>
    </p>
   </div>
   <div class='ocr_carea' id='block_1_4' title="bbox 1139 1951 2188 2003">
    <p class='ocr_par' dir='ltr' id='par_1_5' title="bbox 1139 1951 2188 2003">
     <span class='ocr_line' id='line_1_19' title="bbox 1139 1951 2188 2003; baseline -0.001 -13"><span class='ocrx_word' id='word_1_199' title='bbox 1139 1951 1380 2002; x_wconf 87' lang='lat' dir='ltr'><strong>quadraturis</strong></span> <span class='ocrx_word' id='word_1_200' title='bbox 1415 1959 1597 1999; x_wconf 73' lang='lat' dir='ltr'><strong>versetur,</strong></span> <span class='ocrx_word' id='word_1_201' title='bbox 1645 1951 1780 1990; x_wconf 85' lang='lat' dir='ltr'><strong>eadem</strong></span> <span class='ocrx_word' id='word_1_202' title='bbox 1817 1966 1910 2003; x_wconf 86' lang='lat' dir='ltr'><strong>ergo</strong></span> <span class='ocrx_word' id='word_1_203' title='bbox 1955 1960 2012 1991; x_wconf 87' lang='lat' dir='ltr'><strong>est</strong></span> <span class='ocrx_word' id='word_1_204' title='bbox 2047 1953 2188 1990; x_wconf 78' lang='lat' dir='ltr'><strong>iterum</strong></span> 
     </span>
    </p>
   </div>
   <div class='ocr_carea' id='block_1_5' title="bbox 46 1951 2189 2055">
    <p class='ocr_par' dir='ltr' id='par_1_6' title="bbox 46 1951 2189 2055">
     <span class='ocr_line' id='line_1_20' title="bbox 46 1951 1086 2002; baseline -0.002 -11"><span class='ocrx_word' id='word_1_205' title='bbox 46 1954 90 1992; x_wconf 86' lang='lat' dir='ltr'><strong>fit</strong></span> <span class='ocrx_word' id='word_1_206' title='bbox 108 1953 222 1993; x_wconf 89' lang='lat' dir='ltr'><strong>etiam</strong></span> <span class='ocrx_word' id='word_1_207' title='bbox 251 1966 286 1999; x_wconf 90' lang='lat' dir='ltr'><strong>o,</strong></span> <span class='ocrx_word' id='word_1_208' title='bbox 316 1951 506 1991; x_wconf 86' lang='lat' dir='ltr'><strong>evanescit</strong></span> <span class='ocrx_word' id='word_1_209' title='bbox 533 1951 660 2002; x_wconf 84' lang='lat' dir='ltr'><strong>itaque</strong></span> <span class='ocrx_word' id='word_1_210' title='bbox 676 1953 750 1989; x_wconf 93' lang='lat' dir='ltr'><strong>hoc</strong></span> <span class='ocrx_word' id='word_1_211' title='bbox 768 1951 810 1988; x_wconf 89' lang='lat' dir='ltr'><strong>in</strong></span> <span class='ocrx_word' id='word_1_212' title='bbox 828 1964 918 1989; x_wconf 88' lang='lat' dir='ltr'><strong>casu</strong></span> <span class='ocrx_word' id='word_1_213' title='bbox 936 1951 1086 1989; x_wconf 88' lang='lat' dir='ltr'><strong>horaria</strong></span> 
     </span>
     <span class='ocr_line' id='line_1_21' title="bbox 1139 2004 2189 2055; baseline 0.001 -13"><span class='ocrx_word' id='word_1_214' title='bbox 1139 2005 1307 2042; x_wconf 87' lang='lat' dir='ltr'><strong>maxima</strong></span> <span class='ocrx_word' id='word_1_215' title='bbox 1321 2005 1518 2043; x_wconf 84' lang='lat' dir='ltr'><strong>inclinatio</strong></span> <span class='ocrx_word' id='word_1_216' title='bbox 1537 2019 1581 2043; x_wconf 90' lang='lat' dir='ltr'><strong>ac</strong></span> <span class='ocrx_word' id='word_1_217' title='bbox 1600 2006 1640 2043; x_wconf 89' lang='lat' dir='ltr'><strong>in</strong></span> <span class='ocrx_word' id='word_1_218' title='bbox 1659 2019 1749 2043; x_wconf 87' lang='lat' dir='ltr'><strong>casu</strong></span> <span class='ocrx_word' id='word_1_219' title='bbox 1762 2005 2006 2055; x_wconf 70' lang='lat' dir='ltr'><strong>praecedenti,</strong></span> <span class='ocrx_word' id='word_1_220' title='bbox 2024 2004 2189 2055; x_wconf 75' lang='lat' dir='ltr'><strong>ideoque</strong></span> 
     </span>
    </p>
   </div>
   <div class='ocr_carea' id='block_1_6' title="bbox 44 2004 1087 2056">
    <p class='ocr_par' dir='ltr' id='par_1_7' title="bbox 44 2004 1087 2056">
     <span class='ocr_line' id='line_1_22' title="bbox 44 2004 1087 2056; baseline -0.001 -13"><span class='ocrx_word' id='word_1_221' title='bbox 44 2008 212 2051; x_wconf 81' lang='lat' dir='ltr'><strong>variatio,</strong></span> <span class='ocrx_word' id='word_1_222' title='bbox 233 2004 397 2056; x_wconf 74' lang='lat' dir='ltr'><strong>ideoque</strong></span> <span class='ocrx_word' id='word_1_223' title='bbox 415 2006 457 2042; x_wconf 90' lang='lat' dir='ltr'><strong>in</strong></span> <span class='ocrx_word' id='word_1_224' title='bbox 475 2005 578 2042; x_wconf 86' lang='lat' dir='ltr'><strong>vario</strong></span> <span class='ocrx_word' id='word_1_225' title='bbox 591 2005 669 2042; x_wconf 82' lang='lat' dir='ltr'><strong>situ</strong></span> <span class='ocrx_word' id='word_1_226' title='bbox 682 2005 809 2042; x_wconf 85' lang='lat' dir='ltr'><strong>Lunae</strong></span> <span class='ocrx_word' id='word_1_227' title='bbox 821 2017 899 2041; x_wconf 90' lang='lat' dir='ltr'><strong>non</strong></span> <span class='ocrx_word' id='word_1_228' title='bbox 914 2012 1087 2043; x_wconf 85' lang='lat' dir='ltr'><strong>mutatur</strong></span> 
     </span>
    </p>
   </div>
   <div class='ocr_carea' id='block_1_7' title="bbox 41 2057 1088 2693">
    <p class='ocr_par' dir='ltr' id='par_1_8' title="bbox 42 2057 1088 2534">
     <span class='ocr_line' id='line_1_23' title="bbox 46 2057 1088 2110; baseline -0.001 -13"><span class='ocrx_word' id='word_1_229' title='bbox 46 2061 130 2110; x_wconf 89' lang='lat' dir='ltr'><strong>ejus</strong></span> <span class='ocrx_word' id='word_1_230' title='bbox 161 2059 293 2097; x_wconf 89' lang='lat' dir='ltr'><strong>orbitae</strong></span> <span class='ocrx_word' id='word_1_231' title='bbox 325 2059 535 2096; x_wconf 81' lang='lat' dir='ltr'><strong>inclinatio.</strong></span> <span class='ocrx_word' id='word_1_232' title='bbox 595 2058 652 2095; x_wconf 84' lang='lat' dir='ltr'><strong>Et</strong></span> <span class='ocrx_word' id='word_1_233' title='bbox 678 2057 835 2107; x_wconf 88' lang='lat' dir='ltr'><strong>quidem</strong></span> <span class='ocrx_word' id='word_1_234' title='bbox 863 2057 967 2095; x_wconf 89' lang='lat' dir='ltr'><strong>idem</strong></span> <span class='ocrx_word' id='word_1_235' title='bbox 994 2059 1088 2096; x_wconf 80' lang='lat' dir='ltr'><strong>citra</strong></span> 
     </span>
     <span class='ocr_line' id='line_1_24' title="bbox 45 2108 1084 2161; baseline -0.004 -10"><span class='ocrx_word' id='word_1_236' title='bbox 45 2113 240 2151; x_wconf 85' lang='lat' dir='ltr'><strong>calculum</strong></span> <span class='ocrx_word' id='word_1_237' title='bbox 259 2119 363 2161; x_wconf 88' lang='lat' dir='ltr'><strong>patet</strong></span> <span class='ocrx_word' id='word_1_238' title='bbox 381 2125 426 2149; x_wconf 85' lang='lat' dir='ltr'><strong>ex</strong></span> <span class='ocrx_word' id='word_1_239' title='bbox 447 2109 531 2159; x_wconf 68' lang='lat' dir='ltr'><strong>ipsa</strong></span> <span class='ocrx_word' id='word_1_240' title='bbox 548 2111 603 2148; x_wconf 92' lang='lat' dir='ltr'><strong>rei</strong></span> <span class='ocrx_word' id='word_1_241' title='bbox 621 2108 771 2157; x_wconf 69' lang='lat' dir='ltr'><strong>natura,</strong></span> <span class='ocrx_word' id='word_1_242' title='bbox 792 2116 883 2147; x_wconf 88' lang='lat' dir='ltr'><strong>nam</strong></span> <span class='ocrx_word' id='word_1_243' title='bbox 902 2111 1084 2149; x_wconf 80' lang='lat' dir='ltr'><strong>versanti-</strong></span> 
     </span>
     <span class='ocr_line' id='line_1_25' title="bbox 44 2163 1085 2215; baseline -0.006 -11"><span class='ocrx_word' id='word_1_244' title='bbox 44 2168 117 2204; x_wconf 89' lang='lat' dir='ltr'><strong>bus</strong></span> <span class='ocrx_word' id='word_1_245' title='bbox 135 2166 175 2203; x_wconf 89' lang='lat' dir='ltr'><strong>in</strong></span> <span class='ocrx_word' id='word_1_246' title='bbox 193 2165 367 2215; x_wconf 84' lang='lat' dir='ltr'><strong>syzygiis,</strong></span> <span class='ocrx_word' id='word_1_247' title='bbox 388 2164 467 2202; x_wconf 86' lang='lat' dir='ltr'><strong>sive</strong></span> <span class='ocrx_word' id='word_1_248' title='bbox 486 2163 574 2202; x_wconf 85' lang='lat' dir='ltr'><strong>Sole</strong></span> <span class='ocrx_word' id='word_1_249' title='bbox 588 2164 772 2201; x_wconf 85' lang='lat' dir='ltr'><strong>existente</strong></span> <span class='ocrx_word' id='word_1_250' title='bbox 790 2164 831 2200; x_wconf 91' lang='lat' dir='ltr'><strong>in</strong></span> <span class='ocrx_word' id='word_1_251' title='bbox 849 2163 951 2201; x_wconf 73' lang='lat' dir='ltr'><strong>linea</strong></span> <span class='ocrx_word' id='word_1_252' title='bbox 965 2163 1085 2202; x_wconf 88' lang='lat' dir='ltr'><strong>nodo.</strong></span> 
     </span>
     <span class='ocr_line' id='line_1_26' title="bbox 44 2216 1085 2268; baseline -0.001 -12"><span class='ocrx_word' id='word_1_253' title='bbox 44 2231 145 2265; x_wconf 87' lang='lat' dir='ltr'><strong>rum,</strong></span> <span class='ocrx_word' id='word_1_254' title='bbox 169 2219 235 2256; x_wconf 88' lang='lat' dir='ltr'><strong>Sol</strong></span> <span class='ocrx_word' id='word_1_255' title='bbox 254 2227 310 2256; x_wconf 87' lang='lat' dir='ltr'><strong>est</strong></span> <span class='ocrx_word' id='word_1_256' title='bbox 328 2217 369 2255; x_wconf 92' lang='lat' dir='ltr'><strong>in</strong></span> <span class='ocrx_word' id='word_1_257' title='bbox 388 2230 434 2255; x_wconf 87' lang='lat' dir='ltr'><strong>eo</strong></span> <span class='ocrx_word' id='word_1_258' title='bbox 453 2216 569 2265; x_wconf 90' lang='lat' dir='ltr'><strong>plano</strong></span> <span class='ocrx_word' id='word_1_259' title='bbox 580 2216 622 2253; x_wconf 91' lang='lat' dir='ltr'><strong>in</strong></span> <span class='ocrx_word' id='word_1_260' title='bbox 640 2229 717 2267; x_wconf 93' lang='lat' dir='ltr'><strong>quo</strong></span> <span class='ocrx_word' id='word_1_261' title='bbox 730 2218 833 2268; x_wconf 87' lang='lat' dir='ltr'><strong>jacet</strong></span> <span class='ocrx_word' id='word_1_262' title='bbox 848 2217 949 2254; x_wconf 90' lang='lat' dir='ltr'><strong>linea</strong></span> <span class='ocrx_word' id='word_1_263' title='bbox 964 2217 1085 2255; x_wconf 91' lang='lat' dir='ltr'><strong>nodo-</strong></span> 
     </span>
     <span class='ocr_line' id='line_1_27' title="bbox 42 2270 1086 2318; baseline -0.002 -9"><span class='ocrx_word' id='word_1_264' title='bbox 42 2284 144 2318; x_wconf 89' lang='lat' dir='ltr'><strong>rum,</strong></span> <span class='ocrx_word' id='word_1_265' title='bbox 174 2271 240 2309; x_wconf 90' lang='lat' dir='ltr'><strong>sed</strong></span> <span class='ocrx_word' id='word_1_266' title='bbox 258 2271 360 2308; x_wconf 87' lang='lat' dir='ltr'><strong>linea</strong></span> <span class='ocrx_word' id='word_1_267' title='bbox 378 2270 570 2307; x_wconf 89' lang='lat' dir='ltr'><strong>nodorum</strong></span> <span class='ocrx_word' id='word_1_268' title='bbox 589 2277 645 2307; x_wconf 90' lang='lat' dir='ltr'><strong>est</strong></span> <span class='ocrx_word' id='word_1_269' title='bbox 671 2271 712 2306; x_wconf 91' lang='lat' dir='ltr'><strong>in</strong></span> <span class='ocrx_word' id='word_1_270' title='bbox 740 2270 857 2318; x_wconf 91' lang='lat' dir='ltr'><strong>plano</strong></span> <span class='ocrx_word' id='word_1_271' title='bbox 875 2270 1007 2308; x_wconf 88' lang='lat' dir='ltr'><strong>orbitae</strong></span> <span class='ocrx_word' id='word_1_272' title='bbox 1026 2270 1086 2307; x_wconf 89' lang='lat' dir='ltr'><strong>lu-</strong></span> 
     </span>
     <span class='ocr_line' id='line_1_28' title="bbox 43 2320 1086 2375; baseline -0.001 -14"><span class='ocrx_word' id='word_1_273' title='bbox 43 2326 157 2371; x_wconf 84' lang='lat' dir='ltr'><strong>naris,</strong></span> <span class='ocrx_word' id='word_1_274' title='bbox 190 2337 282 2375; x_wconf 88' lang='lat' dir='ltr'><strong>ergo</strong></span> <span class='ocrx_word' id='word_1_275' title='bbox 305 2325 370 2361; x_wconf 92' lang='lat' dir='ltr'><strong>Sol</strong></span> <span class='ocrx_word' id='word_1_276' title='bbox 401 2323 443 2360; x_wconf 89' lang='lat' dir='ltr'><strong>in</strong></span> <span class='ocrx_word' id='word_1_277' title='bbox 474 2321 557 2371; x_wconf 69' lang='lat' dir='ltr'><strong>ipsa</strong></span> <span class='ocrx_word' id='word_1_278' title='bbox 588 2321 714 2361; x_wconf 63' lang='lat' dir='ltr'><strong>orbita</strong></span> <span class='ocrx_word' id='word_1_279' title='bbox 745 2323 871 2361; x_wconf 88' lang='lat' dir='ltr'><strong>lunari</strong></span> <span class='ocrx_word' id='word_1_280' title='bbox 898 2320 1086 2372; x_wconf 69' lang='lat' dir='ltr'><strong>producta</strong></span> 
     </span>
     <span class='ocr_line' id='line_1_29' title="bbox 43 2377 1084 2427; baseline -0.001 -12"><span class='ocrx_word' id='word_1_281' title='bbox 43 2378 189 2425; x_wconf 81' lang='lat' dir='ltr'><strong>positus</strong></span> <span class='ocrx_word' id='word_1_282' title='bbox 208 2377 352 2415; x_wconf 86' lang='lat' dir='ltr'><strong>censeri</strong></span> <span class='ocrx_word' id='word_1_283' title='bbox 370 2384 504 2426; x_wconf 88' lang='lat' dir='ltr'><strong>potest,</strong></span> <span class='ocrx_word' id='word_1_284' title='bbox 534 2389 578 2415; x_wconf 89' lang='lat' dir='ltr'><strong>ac</strong></span> <span class='ocrx_word' id='word_1_285' title='bbox 597 2389 665 2425; x_wconf 86' lang='lat' dir='ltr'><strong>per</strong></span> <span class='ocrx_word' id='word_1_286' title='bbox 682 2389 917 2427; x_wconf 84' lang='lat' dir='ltr'><strong>consequens</strong></span> <span class='ocrx_word' id='word_1_287' title='bbox 943 2377 1084 2426; x_wconf 85' lang='lat' dir='ltr'><strong>qualis-</strong></span> 
     </span>
     <span class='ocr_line' id='line_1_30' title="bbox 43 2429 1087 2480; baseline -0.001 -12"><span class='ocrx_word' id='word_1_288' title='bbox 43 2444 210 2480; x_wconf 86' lang='lat' dir='ltr'><strong>cumque</strong></span> <span class='ocrx_word' id='word_1_289' title='bbox 228 2431 276 2468; x_wconf 91' lang='lat' dir='ltr'><strong>sit</strong></span> <span class='ocrx_word' id='word_1_290' title='bbox 294 2431 377 2480; x_wconf 88' lang='lat' dir='ltr'><strong>ejus</strong></span> <span class='ocrx_word' id='word_1_291' title='bbox 395 2429 493 2467; x_wconf 89' lang='lat' dir='ltr'><strong>actio</strong></span> <span class='ocrx_word' id='word_1_292' title='bbox 511 2429 554 2466; x_wconf 90' lang='lat' dir='ltr'><strong>in</strong></span> <span class='ocrx_word' id='word_1_293' title='bbox 574 2430 746 2475; x_wconf 84' lang='lat' dir='ltr'><strong>Lunam,</strong></span> <span class='ocrx_word' id='word_1_294' title='bbox 762 2429 886 2478; x_wconf 86' lang='lat' dir='ltr'><strong>ipsam</strong></span> <span class='ocrx_word' id='word_1_295' title='bbox 905 2442 952 2467; x_wconf 87' lang='lat' dir='ltr'><strong>ex</strong></span> <span class='ocrx_word' id='word_1_296' title='bbox 970 2431 1087 2478; x_wconf 89' lang='lat' dir='ltr'><strong>plano</strong></span> 
     </span>
     <span class='ocr_line' id='line_1_31' title="bbox 43 2482 896 2534; baseline -0.002 -13"><span class='ocrx_word' id='word_1_297' title='bbox 43 2484 196 2534; x_wconf 85' lang='lat' dir='ltr'><strong>utrique</strong></span> <span class='ocrx_word' id='word_1_298' title='bbox 214 2483 412 2521; x_wconf 88' lang='lat' dir='ltr'><strong>communi</strong></span> <span class='ocrx_word' id='word_1_299' title='bbox 431 2483 657 2533; x_wconf 83' lang='lat' dir='ltr'><strong>neutiquam</strong></span> <span class='ocrx_word' id='word_1_300' title='bbox 675 2482 896 2520; x_wconf 89' lang='lat' dir='ltr'><strong>dimovebit.</strong></span> 
     </span>
    </p>

    <p class='ocr_par' dir='ltr' id='par_1_9' title="bbox 41 2536 1086 2693">
     <span class='ocr_line' id='line_1_32' title="bbox 97 2536 1086 2588; baseline -0.002 -13"><span class='ocrx_word' id='word_1_301' title='bbox 97 2536 149 2588; x_wconf 52' lang='grc' dir='ltr'><strong>(ἃ)</strong></span> <span class='ocrx_word' id='word_1_302' title='bbox 182 2540 202 2562; x_wconf 70' lang='lat'><strong>&#39;¹‘</strong></span> <span class='ocrx_word' id='word_1_303' title='bbox 233 2539 307 2575; x_wconf 83' lang='lat' dir='ltr'><strong>Ubi</strong></span> <span class='ocrx_word' id='word_1_304' title='bbox 324 2539 447 2575; x_wconf 80' lang='lat' dir='ltr'><strong>Luna</strong></span> <span class='ocrx_word' id='word_1_305' title='bbox 465 2538 507 2574; x_wconf 86' lang='lat' dir='ltr'><strong>in</strong></span> <span class='ocrx_word' id='word_1_306' title='bbox 526 2538 685 2585; x_wconf 74' lang='lat' dir='ltr'><strong>syzygiis</strong></span> <span class='ocrx_word' id='word_1_307' title='bbox 703 2543 738 2574; x_wconf 83' lang='lat' dir='ltr'><strong>et</strong></span> <span class='ocrx_word' id='word_1_308' title='bbox 764 2538 853 2574; x_wconf 85' lang='lat' dir='ltr'><strong>nodi</strong></span> <span class='ocrx_word' id='word_1_309' title='bbox 870 2539 988 2575; x_wconf 86' lang='lat' dir='ltr'><strong>ubivis</strong></span> <span class='ocrx_word' id='word_1_310' title='bbox 1007 2550 1086 2574; x_wconf 84' lang='lat' dir='ltr'><strong>ver-</strong></span> 
     </span>
     <span class='ocr_line' id='line_1_33' title="bbox 41 2588 1085 2640; baseline -0.001 -12"><span class='ocrx_word' id='word_1_311' title='bbox 41 2597 187 2628; x_wconf 74' lang='lat' dir='ltr'><strong>santur.</strong></span> <span class='ocrx_word' id='word_1_312' title='bbox 248 2590 354 2627; x_wconf 86' lang='lat' dir='ltr'><strong>Nam</strong></span> <span class='ocrx_word' id='word_1_313' title='bbox 386 2589 481 2626; x_wconf 90' lang='lat' dir='ltr'><strong>dum</strong></span> <span class='ocrx_word' id='word_1_314' title='bbox 512 2589 629 2626; x_wconf 86' lang='lat' dir='ltr'><strong>Luna</strong></span> <span class='ocrx_word' id='word_1_315' title='bbox 658 2591 706 2627; x_wconf 87' lang='lat' dir='ltr'><strong>ab</strong></span> <span class='ocrx_word' id='word_1_316' title='bbox 739 2588 819 2626; x_wconf 69' lang='lat' dir='ltr'><strong>una</strong></span> <span class='ocrx_word' id='word_1_317' title='bbox 851 2589 1005 2640; x_wconf 72' lang='lat' dir='ltr'><strong>syzygia</strong></span> <span class='ocrx_word' id='word_1_318' title='bbox 1035 2589 1085 2627; x_wconf 89' lang='lat' dir='ltr'><strong>ad</strong></span> 
     </span>
     <span class='ocr_line' id='line_1_34' title="bbox 41 2641 1086 2693; baseline 0 -13"><span class='ocrx_word' id='word_1_319' title='bbox 41 2642 217 2680; x_wconf 88' lang='lat' dir='ltr'><strong>eamdem</strong></span> <span class='ocrx_word' id='word_1_320' title='bbox 236 2641 431 2693; x_wconf 80' lang='lat' dir='ltr'><strong>syzygiam</strong></span> <span class='ocrx_word' id='word_1_321' title='bbox 457 2641 568 2688; x_wconf 87' lang='lat' dir='ltr'><strong>redit,</strong></span> <span class='ocrx_word' id='word_1_322' title='bbox 597 2648 679 2680; x_wconf 87' lang='lat' dir='ltr'><strong>tota</strong></span> <span class='ocrx_word' id='word_1_323' title='bbox 705 2642 862 2679; x_wconf 68' lang='lat' dir='ltr'><strong>variano</strong></span> <span class='ocrx_word' id='word_1_324' title='bbox 889 2650 1086 2680; x_wconf 84' lang='lat' dir='ltr'><strong>menstrua</strong></span> 
     </span>
    </p>
   </div>
   <div class='ocr_carea' id='block_1_8' title="bbox 41 2696 1081 2799">
    <p class='ocr_par' dir='ltr' id='par_1_10' title="bbox 41 2696 1081 2799">
     <span class='ocr_line' id='line_1_35' title="bbox 41 2696 1081 2799; baseline 0.002 -34"><span class='ocrx_word' id='word_1_325' title='bbox 41 2736 97 2766; x_wconf 78' lang='lat' dir='ltr'><strong>est</strong></span> <span class='ocrx_word' id='word_1_326' title='bbox 118 2728 168 2766; x_wconf 88' lang='lat' dir='ltr'><strong>ad</strong></span> <span class='ocrx_word' id='word_1_327' title='bbox 190 2727 273 2767; x_wconf 63' lang='lat'><strong>33¹2</strong></span> <span class='ocrx_word' id='word_1_328' title='bbox 303 2727 391 2766; x_wconf 83' lang='lat' dir='ltr'><strong>lO&#39;&#39;&#39;.</strong></span> <span class='ocrx_word' id='word_1_329' title='bbox 414 2726 505 2767; x_wconf 47' lang='lat'><strong>53³&amp;</strong></span> <span class='ocrx_word' id='word_1_330' title='bbox 539 2733 584 2765; x_wconf 84' lang='lat' dir='ltr'><strong>ut</strong></span> <span class='ocrx_word' id='word_1_331' title='bbox 613 2729 652 2765; x_wconf 94' lang='lat' dir='ltr'>A</span> <span class='ocrx_word' id='word_1_332' title='bbox 674 2728 705 2764; x_wconf 94' lang='lat' dir='ltr'>Z</span> <span class='ocrx_word' id='word_1_333' title='bbox 728 2732 769 2773; x_wconf 87' lang='grc'><strong>&gt;&lt;</strong></span> <span class='ocrx_word' id='word_1_334' title='bbox 796 2727 833 2764; x_wconf 97' lang='grc' dir='ltr'><strong>Τ</strong></span> <span class='ocrx_word' id='word_1_335' title='bbox 852 2728 884 2764; x_wconf 92' lang='grc' dir='ltr'><strong><em>Ζ</em></strong></span> <span class='ocrx_word' id='word_1_336' title='bbox 916 2734 956 2775; x_wconf 90' lang='grc'><strong>&gt;&lt;</strong></span> <span class='ocrx_word' id='word_1_337' title='bbox 990 2696 1081 2799; x_wconf 44' lang='grc' dir='ltr'><strong>ἒ</strong></span> 
     </span>
    </p>
   </div>
   <div class='ocr_carea' id='block_1_9' title="bbox 39 2813 1083 3928">
    <p class='ocr_par' dir='ltr' id='par_1_11' title="bbox 39 2813 1083 3341">
     <span class='ocr_line' id='line_1_36' title="bbox 40 2813 260 2853; baseline 0.009 -2"><span class='ocrx_word' id='word_1_338' title='bbox 40 2813 88 2851; x_wconf 87' lang='lat' dir='ltr'><strong>ad</strong></span> <span class='ocrx_word' id='word_1_339' title='bbox 117 2819 141 2852; x_wconf 85' lang='lat'>2</span> <span class='ocrx_word' id='word_1_340' title='bbox 164 2814 201 2852; x_wconf 93' lang='lat' dir='ltr'><strong>A</strong></span> <span class='ocrx_word' id='word_1_341' title='bbox 224 2815 260 2853; x_wconf 94' lang='lat' dir='ltr'>T</span> 
     </span>
     <span class='ocr_line' id='line_1_37' title="bbox 40 2867 1083 2905; baseline 0.002 -2"><span class='ocrx_word' id='word_1_342' title='bbox 40 2867 165 2905; x_wconf 88' lang='lat' dir='ltr'><strong>dentis</strong></span> <span class='ocrx_word' id='word_1_343' title='bbox 195 2875 344 2905; x_wconf 86' lang='lat' dir='ltr'><strong>constat</strong></span> <span class='ocrx_word' id='word_1_344' title='bbox 371 2874 417 2905; x_wconf 88' lang='lat' dir='ltr'><strong>ut</strong></span> <span class='ocrx_word' id='word_1_345' title='bbox 445 2867 704 2905; x_wconf 84' lang='lat' dir='ltr'><strong>inclinationis</strong></span> <span class='ocrx_word' id='word_1_346' title='bbox 733 2867 839 2904; x_wconf 89' lang='lat' dir='ltr'><strong>sinus</strong></span> <span class='ocrx_word' id='word_1_347' title='bbox 871 2867 1010 2905; x_wconf 91' lang='lat' dir='ltr'><strong>ductus</strong></span> <span class='ocrx_word' id='word_1_348' title='bbox 1041 2868 1083 2905; x_wconf 90' lang='lat' dir='ltr'><strong>in</strong></span> 
     </span>
     <span class='ocr_line' id='line_1_38' title="bbox 40 2919 1083 2971; baseline 0.002 -14"><span class='ocrx_word' id='word_1_349' title='bbox 40 2920 169 2957; x_wconf 87' lang='lat' dir='ltr'><strong>sinum</strong></span> <span class='ocrx_word' id='word_1_350' title='bbox 188 2920 393 2969; x_wconf 84' lang='lat' dir='ltr'><strong>duplicatae</strong></span> <span class='ocrx_word' id='word_1_351' title='bbox 420 2919 614 2959; x_wconf 76' lang='lat' dir='ltr'><strong>distantiae</strong></span> <span class='ocrx_word' id='word_1_352' title='bbox 633 2920 725 2957; x_wconf 90' lang='lat' dir='ltr'><strong>nodi</strong></span> <span class='ocrx_word' id='word_1_353' title='bbox 744 2934 767 2957; x_wconf 92' lang='lat' dir='ltr'><strong>a</strong></span> <span class='ocrx_word' id='word_1_354' title='bbox 789 2920 876 2958; x_wconf 91' lang='lat' dir='ltr'><strong>Sole</strong></span> <span class='ocrx_word' id='word_1_355' title='bbox 896 2921 945 2958; x_wconf 88' lang='lat' dir='ltr'><strong>ad</strong></span> <span class='ocrx_word' id='word_1_356' title='bbox 962 2921 1083 2971; x_wconf 89' lang='lat' dir='ltr'><strong>quad-</strong></span> 
     </span>
     <span class='ocr_line' id='line_1_39' title="bbox 42 2973 1077 3025; baseline 0.003 -15"><span class='ocrx_word' id='word_1_357' title='bbox 42 2974 197 3022; x_wconf 87' lang='lat' dir='ltr'><strong>ruplum</strong></span> <span class='ocrx_word' id='word_1_358' title='bbox 215 2974 446 3025; x_wconf 85' lang='lat' dir='ltr'><strong>quadratum</strong></span> <span class='ocrx_word' id='word_1_359' title='bbox 475 2974 582 3019; x_wconf 89' lang='lat' dir='ltr'><strong>radii,</strong></span> <span class='ocrx_word' id='word_1_360' title='bbox 616 2973 681 3011; x_wconf 86' lang='lat' dir='ltr'><strong>sed</strong></span> <span class='ocrx_word' id='word_1_361' title='bbox 712 2987 779 3023; x_wconf 89' lang='lat' dir='ltr'><strong>per</strong></span> <span class='ocrx_word' id='word_1_362' title='bbox 807 2974 925 3024; x_wconf 88' lang='lat' dir='ltr'><strong>hujus</strong></span> <span class='ocrx_word' id='word_1_363' title='bbox 946 2975 1077 3013; x_wconf 88' lang='lat' dir='ltr'><strong>Probl.</strong></span> 
     </span>
     <span class='ocr_line' id='line_1_40' title="bbox 40 3025 1082 3072; baseline 0.004 -10"><span class='ocrx_word' id='word_1_364' title='bbox 40 3027 363 3065; x_wconf 82' lang='lat' dir='ltr'><strong>constructionem</strong></span> <span class='ocrx_word' id='word_1_365' title='bbox 381 3027 422 3063; x_wconf 91' lang='lat' dir='ltr'><strong>in</strong></span> <span class='ocrx_word' id='word_1_366' title='bbox 442 3025 488 3065; x_wconf 69' lang='lat' dir='ltr'><strong>ea</strong></span> <span class='ocrx_word' id='word_1_367' title='bbox 506 3028 653 3065; x_wconf 85' lang='lat' dir='ltr'><strong>ratione</strong></span> <span class='ocrx_word' id='word_1_368' title='bbox 671 3035 727 3064; x_wconf 88' lang='lat' dir='ltr'><strong>est</strong></span> <span class='ocrx_word' id='word_1_369' title='bbox 760 3028 794 3064; x_wconf 89' lang='lat' dir='ltr'>A</span> <span class='ocrx_word' id='word_1_370' title='bbox 821 3027 878 3072; x_wconf 92' lang='lat' dir='ltr'><strong>H,</strong></span> <span class='ocrx_word' id='word_1_371' title='bbox 908 3027 937 3064; x_wconf 90' lang='lat' dir='ltr'><strong>si</strong></span> <span class='ocrx_word' id='word_1_372' title='bbox 965 3026 1082 3066; x_wconf 72' lang='lat' dir='ltr'><strong>modo</strong></span> 
     </span>
     <span class='ocr_line' id='line_1_41' title="bbox 44 3079 1081 3118; baseline 0.002 -2"><span class='ocrx_word' id='word_1_373' title='bbox 44 3081 82 3116; x_wconf 92' lang='lat' dir='ltr'>A</span> <span class='ocrx_word' id='word_1_374' title='bbox 105 3080 141 3117; x_wconf 92' lang='lat' dir='ltr'><strong>B</strong></span> <span class='ocrx_word' id='word_1_375' title='bbox 169 3080 218 3117; x_wconf 88' lang='lat' dir='ltr'><strong>sit</strong></span> <span class='ocrx_word' id='word_1_376' title='bbox 243 3087 288 3118; x_wconf 91' lang='lat' dir='ltr'><strong>ut</strong></span> <span class='ocrx_word' id='word_1_377' title='bbox 315 3080 422 3117; x_wconf 88' lang='lat' dir='ltr'><strong>sinus</strong></span> <span class='ocrx_word' id='word_1_378' title='bbox 439 3081 613 3117; x_wconf 89' lang='lat' dir='ltr'><strong>minimae</strong></span> <span class='ocrx_word' id='word_1_379' title='bbox 632 3079 891 3117; x_wconf 87' lang='lat' dir='ltr'><strong>inclinationis</strong></span> <span class='ocrx_word' id='word_1_380' title='bbox 909 3088 948 3118; x_wconf 91' lang='lat' dir='ltr'><strong>et</strong></span> <span class='ocrx_word' id='word_1_381' title='bbox 978 3084 1014 3118; x_wconf 92' lang='lat' dir='ltr'>A</span> <span class='ocrx_word' id='word_1_382' title='bbox 1039 3082 1081 3118; x_wconf 93' lang='lat' dir='ltr'>D</span> 
     </span>
     <span class='ocr_line' id='line_1_42' title="bbox 40 3132 1082 3177; baseline 0.004 -9"><span class='ocrx_word' id='word_1_383' title='bbox 40 3132 147 3169; x_wconf 89' lang='lat' dir='ltr'><strong>sinus</strong></span> <span class='ocrx_word' id='word_1_384' title='bbox 178 3133 367 3177; x_wconf 83' lang='lat' dir='ltr'><strong>maximae,</strong></span> <span class='ocrx_word' id='word_1_385' title='bbox 399 3133 466 3171; x_wconf 90' lang='lat' dir='ltr'><strong>sed</strong></span> <span class='ocrx_word' id='word_1_386' title='bbox 495 3133 568 3170; x_wconf 51' lang='grc' dir='ltr'><strong>(ΙΨ.</strong></span> <span class='ocrx_word' id='word_1_387' title='bbox 594 3132 669 3172; x_wconf 84' lang='grc'><strong>59’.</strong></span> <span class='ocrx_word' id='word_1_388' title='bbox 692 3132 774 3171; x_wconf 84' lang='grc'><strong>35”.</strong></span> <span class='ocrx_word' id='word_1_389' title='bbox 811 3141 868 3171; x_wconf 91' lang='lat' dir='ltr'><strong>est</strong></span> <span class='ocrx_word' id='word_1_390' title='bbox 896 3134 1082 3172; x_wconf 88' lang='lat' dir='ltr'><strong>minimus</strong></span> 
     </span>
     <span class='ocr_line' id='line_1_43' title="bbox 39 3185 1082 3238; baseline 0.003 -16"><span class='ocrx_word' id='word_1_391' title='bbox 39 3185 298 3223; x_wconf 87' lang='lat' dir='ltr'><strong>inclinationis</strong></span> <span class='ocrx_word' id='word_1_392' title='bbox 315 3186 484 3237; x_wconf 86' lang='lat' dir='ltr'><strong>angulus</strong></span> <span class='ocrx_word' id='word_1_393' title='bbox 502 3187 570 3224; x_wconf 92' lang='lat' dir='ltr'><strong>ubi</strong></span> <span class='ocrx_word' id='word_1_394' title='bbox 590 3186 708 3224; x_wconf 91' lang='lat' dir='ltr'><strong>Luna</strong></span> <span class='ocrx_word' id='word_1_395' title='bbox 726 3193 784 3224; x_wconf 87' lang='lat' dir='ltr'><strong>est</strong></span> <span class='ocrx_word' id='word_1_396' title='bbox 800 3186 843 3223; x_wconf 90' lang='lat' dir='ltr'><strong>in</strong></span> <span class='ocrx_word' id='word_1_397' title='bbox 861 3187 1024 3238; x_wconf 87' lang='lat' dir='ltr'><strong>syzygiis</strong></span> <span class='ocrx_word' id='word_1_398' title='bbox 1043 3195 1082 3225; x_wconf 86' lang='lat' dir='ltr'><strong>et</strong></span> 
     </span>
     <span class='ocr_line' id='line_1_44' title="bbox 40 3238 1082 3291; baseline 0.002 -14"><span class='ocrx_word' id='word_1_399' title='bbox 40 3238 115 3277; x_wconf 63' lang='lat'><strong>5⁸¹⁹.</strong></span> <span class='ocrx_word' id='word_1_400' title='bbox 145 3238 215 3278; x_wconf 89' lang='lat'>17&#39;.</span> <span class='ocrx_word' id='word_1_401' title='bbox 237 3238 320 3277; x_wconf 74' lang='lat'>20⁰.</span> <span class='ocrx_word' id='word_1_402' title='bbox 344 3246 401 3277; x_wconf 89' lang='lat' dir='ltr'><strong>est</strong></span> <span class='ocrx_word' id='word_1_403' title='bbox 417 3239 623 3277; x_wconf 84' lang='lat' dir='ltr'><strong>maximus.</strong></span> <span class='ocrx_word' id='word_1_404' title='bbox 683 3242 787 3290; x_wconf 85' lang='lat' dir='ltr'><strong>Ergo</strong></span> <span class='ocrx_word' id='word_1_405' title='bbox 807 3242 886 3291; x_wconf 82' lang='lat' dir='ltr'><strong>fiat</strong></span> <span class='ocrx_word' id='word_1_406' title='bbox 916 3242 955 3278; x_wconf 91' lang='lat' dir='ltr'><em>A</em></span> <span class='ocrx_word' id='word_1_407' title='bbox 973 3244 1014 3280; x_wconf 88' lang='lat' dir='ltr'><em>B</em></span> <span class='ocrx_word' id='word_1_408' title='bbox 1031 3245 1082 3279; x_wconf 80' lang='lat' dir='ltr'><strong>ad</strong></span> 
     </span>
     <span class='ocr_line' id='line_1_45' title="bbox 41 3292 951 3341; baseline 0.001 -12"><span class='ocrx_word' id='word_1_409' title='bbox 41 3292 81 3329; x_wconf 87' lang='lat' dir='ltr'><em>A</em></span> <span class='ocrx_word' id='word_1_410' title='bbox 97 3294 141 3331; x_wconf 91' lang='lat' dir='ltr'>D</span> <span class='ocrx_word' id='word_1_411' title='bbox 162 3299 206 3331; x_wconf 78' lang='lat' dir='ltr'><strong>ut</strong></span> <span class='ocrx_word' id='word_1_412' title='bbox 223 3294 327 3331; x_wconf 80' lang='lat' dir='ltr'><strong>sinus</strong></span> <span class='ocrx_word' id='word_1_413' title='bbox 342 3296 543 3341; x_wconf 75' lang='lat' dir='ltr'><strong>graduum</strong></span> <span class='ocrx_word' id='word_1_414' title='bbox 561 3293 636 3330; x_wconf 69' lang='lat'><strong>43¹.</strong></span> <span class='ocrx_word' id='word_1_415' title='bbox 661 3292 735 3332; x_wconf 80' lang='lat'><em>59¹.</em></span> <span class='ocrx_word' id='word_1_416' title='bbox 761 3293 859 3338; x_wconf 58' lang='lat'><strong>35¹2,</strong></span> <span class='ocrx_word' id='word_1_417' title='bbox 881 3293 951 3331; x_wconf 74' lang='lat' dir='ltr'><strong>&amp;c-</strong></span> 
     </span>
    </p>

    <p class='ocr_par' dir='ltr' id='par_1_12' title="bbox 39 3345 1081 3928">
     <span class='ocr_line' id='line_1_46' title="bbox 94 3345 1080 3396; baseline 0.003 -13"><span class='ocrx_word' id='word_1_418' title='bbox 94 3345 152 3396; x_wconf 76' lang='lat' dir='ltr'><strong>(e)</strong></span> <span class='ocrx_word' id='word_1_419' title='bbox 175 3347 284 3384; x_wconf 81' lang='lat' dir='ltr'><strong>Huic</strong></span> <span class='ocrx_word' id='word_1_420' title='bbox 303 3347 396 3384; x_wconf 79' lang='lat' dir='ltr'><strong>orbis</strong></span> <span class='ocrx_word' id='word_1_421' title='bbox 413 3348 652 3385; x_wconf 78' lang='lat' dir='ltr'><strong>inclinationi</strong></span> <span class='ocrx_word' id='word_1_422' title='bbox 669 3349 824 3396; x_wconf 76' lang='lat' dir='ltr'><strong>cequalis</strong></span> <span class='ocrx_word' id='word_1_423' title='bbox 841 3356 893 3385; x_wconf 77' lang='lat' dir='ltr'><strong>est</strong></span> <span class='ocrx_word' id='word_1_424' title='bbox 912 3348 1080 3396; x_wconf 57' lang='lat' dir='ltr'><strong>ejusdem</strong></span> 
     </span>
     <span class='ocr_line' id='line_1_47' title="bbox 39 3399 1078 3441; baseline 0.001 -5"><span class='ocrx_word' id='word_1_425' title='bbox 39 3399 247 3441; x_wconf 82' lang='lat' dir='ltr'><strong>inclinatio,</strong></span> <span class='ocrx_word' id='word_1_426' title='bbox 268 3399 334 3437; x_wconf 77' lang='lat' dir='ltr'><strong>ubi</strong></span> <span class='ocrx_word' id='word_1_427' title='bbox 347 3400 467 3439; x_wconf 78' lang='lat' dir='ltr'><strong>Luna</strong></span> <span class='ocrx_word' id='word_1_428' title='bbox 485 3402 607 3438; x_wconf 77' lang='lat' dir='ltr'><strong>distat.</strong></span> <span class='ocrx_word' id='word_1_429' title='bbox 634 3400 733 3439; x_wconf 66' lang='lat'><strong>903¹.</strong></span> <span class='ocrx_word' id='word_1_430' title='bbox 757 3414 780 3437; x_wconf 88' lang='lat' dir='ltr'><strong>a</strong></span> <span class='ocrx_word' id='word_1_431' title='bbox 822 3403 940 3438; x_wconf 81' lang='lat' dir='ltr'><strong>nodis.</strong></span> <span class='ocrx_word' id='word_1_432' title='bbox 999 3401 1078 3437; x_wconf 90' lang='lat' dir='ltr'><strong>Mi-</strong></span> 
     </span>
     <span class='ocr_line' id='line_1_48' title="bbox 43 3450 1081 3492; baseline 0.005 -5"><span class='ocrx_word' id='word_1_433' title='bbox 43 3450 148 3488; x_wconf 86' lang='lat' dir='ltr'><strong>nima</strong></span> <span class='ocrx_word' id='word_1_434' title='bbox 166 3450 364 3489; x_wconf 86' lang='lat' dir='ltr'><strong>inclinatio</strong></span> <span class='ocrx_word' id='word_1_435' title='bbox 381 3453 449 3489; x_wconf 90' lang='lat' dir='ltr'><strong>ubi</strong></span> <span class='ocrx_word' id='word_1_436' title='bbox 463 3452 580 3491; x_wconf 89' lang='lat' dir='ltr'><strong>Luna</strong></span> <span class='ocrx_word' id='word_1_437' title='bbox 597 3453 712 3491; x_wconf 87' lang='lat' dir='ltr'><strong>distat</strong></span> <span class='ocrx_word' id='word_1_438' title='bbox 731 3453 830 3492; x_wconf 64' lang='lat'><strong>903¹.</strong></span> <span class='ocrx_word' id='word_1_439' title='bbox 853 3466 877 3490; x_wconf 84' lang='lat' dir='ltr'><strong>a</strong></span> <span class='ocrx_word' id='word_1_440' title='bbox 895 3453 1005 3490; x_wconf 88' lang='lat' dir='ltr'><strong>nodis</strong></span> <span class='ocrx_word' id='word_1_441' title='bbox 1024 3461 1081 3492; x_wconf 80' lang='lat' dir='ltr'><strong>est</strong></span> 
     </span>
     <span class='ocr_line' id='line_1_49' title="bbox 41 3504 1077 3557; baseline 0.004 -16"><span class='ocrx_word' id='word_1_442' title='bbox 41 3504 110 3542; x_wconf 89' lang='lat' dir='ltr'><strong>ubi</strong></span> <span class='ocrx_word' id='word_1_443' title='bbox 124 3504 215 3542; x_wconf 90' lang='lat' dir='ltr'><strong>nodi</strong></span> <span class='ocrx_word' id='word_1_444' title='bbox 228 3511 318 3542; x_wconf 90' lang='lat' dir='ltr'><strong>sunt</strong></span> <span class='ocrx_word' id='word_1_445' title='bbox 335 3504 376 3541; x_wconf 88' lang='lat' dir='ltr'><strong>in</strong></span> <span class='ocrx_word' id='word_1_446' title='bbox 394 3505 645 3555; x_wconf 82' lang='lat' dir='ltr'><strong>quadraturis,</strong></span> <span class='ocrx_word' id='word_1_447' title='bbox 663 3506 933 3557; x_wconf 82' lang='lat' dir='ltr'><strong>nonagesimus</strong></span> <span class='ocrx_word' id='word_1_448' title='bbox 947 3514 1077 3545; x_wconf 89' lang='lat' dir='ltr'><strong>autem</strong></span> 
     </span>
     <span class='ocr_line' id='line_1_50' title="bbox 42 3556 1077 3610; baseline 0.003 -15"><span class='ocrx_word' id='word_1_449' title='bbox 42 3570 66 3595; x_wconf 77' lang='lat' dir='ltr'><strong>a</strong></span> <span class='ocrx_word' id='word_1_450' title='bbox 82 3556 193 3595; x_wconf 87' lang='lat' dir='ltr'><strong>nodis</strong></span> <span class='ocrx_word' id='word_1_451' title='bbox 211 3557 355 3608; x_wconf 88' lang='lat' dir='ltr'><strong>gradus</strong></span> <span class='ocrx_word' id='word_1_452' title='bbox 372 3557 506 3595; x_wconf 84' lang='lat' dir='ltr'><strong>incidit</strong></span> <span class='ocrx_word' id='word_1_453' title='bbox 523 3558 564 3595; x_wconf 88' lang='lat' dir='ltr'><strong>in</strong></span> <span class='ocrx_word' id='word_1_454' title='bbox 583 3560 702 3608; x_wconf 85' lang='lat' dir='ltr'><strong>ipsam</strong></span> <span class='ocrx_word' id='word_1_455' title='bbox 722 3559 928 3610; x_wconf 84' lang='lat' dir='ltr'><strong>syzygiam,</strong></span> <span class='ocrx_word' id='word_1_456' title='bbox 950 3560 1077 3609; x_wconf 87' lang='lat' dir='ltr'><strong>itaque</strong></span> 
     </span>
     <span class='ocr_line' id='line_1_51' title="bbox 41 3610 1078 3661; baseline 0.003 -14"><span class='ocrx_word' id='word_1_457' title='bbox 41 3610 202 3648; x_wconf 88' lang='lat' dir='ltr'><strong>minima</strong></span> <span class='ocrx_word' id='word_1_458' title='bbox 226 3610 426 3648; x_wconf 82' lang='lat' dir='ltr'><strong>inclinatio</strong></span> <span class='ocrx_word' id='word_1_459' title='bbox 452 3610 586 3648; x_wconf 89' lang='lat' dir='ltr'><strong>eadem</strong></span> <span class='ocrx_word' id='word_1_460' title='bbox 615 3620 672 3652; x_wconf 81' lang='lat' dir='ltr'><strong>est</strong></span> <span class='ocrx_word' id='word_1_461' title='bbox 702 3625 746 3649; x_wconf 88' lang='lat' dir='ltr'><strong>ac</strong></span> <span class='ocrx_word' id='word_1_462' title='bbox 776 3612 818 3649; x_wconf 89' lang='lat' dir='ltr'><strong>iu</strong></span> <span class='ocrx_word' id='word_1_463' title='bbox 848 3612 1078 3661; x_wconf 82' lang='lat' dir='ltr'><strong>praecedenti</strong></span> 
     </span>
     <span class='ocr_line' id='line_1_52' title="bbox 42 3658 1079 3711; baseline 0.004 -10"><span class='ocrx_word' id='word_1_464' title='bbox 42 3674 156 3711; x_wconf 80' lang='lat' dir='ltr'><strong>casu3</strong></span> <span class='ocrx_word' id='word_1_465' title='bbox 184 3663 354 3701; x_wconf 84' lang='lat' dir='ltr'><strong>maxima</strong></span> <span class='ocrx_word' id='word_1_466' title='bbox 371 3658 460 3702; x_wconf 69' lang='lat' dir='ltr'><strong>vero</strong></span> <span class='ocrx_word' id='word_1_467' title='bbox 479 3664 676 3703; x_wconf 84' lang='lat' dir='ltr'><strong>inclinatio</strong></span> <span class='ocrx_word' id='word_1_468' title='bbox 694 3672 751 3703; x_wconf 83' lang='lat' dir='ltr'><strong>est</strong></span> <span class='ocrx_word' id='word_1_469' title='bbox 768 3664 858 3703; x_wconf 65' lang='lat' dir='ltr'><strong>cum</strong></span> <span class='ocrx_word' id='word_1_470' title='bbox 877 3666 969 3704; x_wconf 91' lang='lat' dir='ltr'><strong>nodi</strong></span> <span class='ocrx_word' id='word_1_471' title='bbox 987 3674 1079 3705; x_wconf 86' lang='lat' dir='ltr'><strong>sunt</strong></span> 
     </span>
     <span class='ocr_line' id='line_1_53' title="bbox 40 3714 1081 3768; baseline 0.004 -15"><span class='ocrx_word' id='word_1_472' title='bbox 40 3714 82 3753; x_wconf 88' lang='lat' dir='ltr'><strong>in</strong></span> <span class='ocrx_word' id='word_1_473' title='bbox 100 3716 190 3766; x_wconf 84' lang='lat' dir='ltr'><strong>ipsis</strong></span> <span class='ocrx_word' id='word_1_474' title='bbox 208 3717 383 3768; x_wconf 88' lang='lat' dir='ltr'><strong>syzygiis,</strong></span> <span class='ocrx_word' id='word_1_475' title='bbox 412 3724 451 3755; x_wconf 89' lang='lat' dir='ltr'><strong>et</strong></span> <span class='ocrx_word' id='word_1_476' title='bbox 477 3718 751 3767; x_wconf 86' lang='lat' dir='ltr'><strong>nonagesimus</strong></span> <span class='ocrx_word' id='word_1_477' title='bbox 767 3731 791 3755; x_wconf 83' lang='lat' dir='ltr'><strong>a</strong></span> <span class='ocrx_word' id='word_1_478' title='bbox 809 3717 920 3756; x_wconf 88' lang='lat' dir='ltr'><strong>nodis</strong></span> <span class='ocrx_word' id='word_1_479' title='bbox 937 3718 1081 3768; x_wconf 85' lang='lat' dir='ltr'><strong>gradus</strong></span> 
     </span>
     <span class='ocr_line' id='line_1_54' title="bbox 42 3769 1080 3821; baseline 0.002 -14"><span class='ocrx_word' id='word_1_480' title='bbox 42 3775 137 3808; x_wconf 85' lang='lat' dir='ltr'><strong>tuuc</strong></span> <span class='ocrx_word' id='word_1_481' title='bbox 166 3770 324 3821; x_wconf 91' lang='lat' dir='ltr'><strong>quidem</strong></span> <span class='ocrx_word' id='word_1_482' title='bbox 353 3769 489 3808; x_wconf 89' lang='lat' dir='ltr'><strong>incidit</strong></span> <span class='ocrx_word' id='word_1_483' title='bbox 518 3770 560 3807; x_wconf 90' lang='lat' dir='ltr'><strong>in</strong></span> <span class='ocrx_word' id='word_1_484' title='bbox 590 3770 851 3820; x_wconf 83' lang='lat' dir='ltr'><strong>quadraturas,</strong></span> <span class='ocrx_word' id='word_1_485' title='bbox 889 3772 954 3809; x_wconf 82' lang='lat' dir='ltr'><strong>sed</strong></span> <span class='ocrx_word' id='word_1_486' title='bbox 986 3779 1080 3810; x_wconf 88' lang='lat' dir='ltr'><strong>tunc</strong></span> 
     </span>
     <span class='ocr_line' id='line_1_55' title="bbox 41 3820 1080 3870; baseline -0.001 -10"><span class='ocrx_word' id='word_1_487' title='bbox 41 3820 238 3861; x_wconf 85' lang='lat' dir='ltr'><strong>inclinatio</strong></span> <span class='ocrx_word' id='word_1_488' title='bbox 255 3823 352 3861; x_wconf 88' lang='lat' dir='ltr'><strong>nihil</strong></span> <span class='ocrx_word' id='word_1_489' title='bbox 371 3830 544 3861; x_wconf 88' lang='lat' dir='ltr'><strong>mutatur</strong></span> <span class='ocrx_word' id='word_1_490' title='bbox 561 3835 609 3860; x_wconf 83' lang='lat' dir='ltr'><strong>ex</strong></span> <span class='ocrx_word' id='word_1_491' title='bbox 626 3823 730 3861; x_wconf 88' lang='lat' dir='ltr'><strong>vario</strong></span> <span class='ocrx_word' id='word_1_492' title='bbox 747 3824 822 3861; x_wconf 84' lang='lat' dir='ltr'><strong>situ</strong></span> <span class='ocrx_word' id='word_1_493' title='bbox 843 3825 980 3870; x_wconf 84' lang='lat' dir='ltr'><strong>Lunae,</strong></span> <span class='ocrx_word' id='word_1_494' title='bbox 1010 3825 1080 3864; x_wconf 86' lang='lat' dir='ltr'><strong>ita-</strong></span> 
     </span>
     <span class='ocr_line' id='line_1_56' title="bbox 43 3876 1080 3928; baseline 0.003 -16"><span class='ocrx_word' id='word_1_495' title='bbox 43 3885 119 3925; x_wconf 86' lang='lat' dir='ltr'><strong>que</strong></span> <span class='ocrx_word' id='word_1_496' title='bbox 148 3876 283 3915; x_wconf 80' lang='lat' dir='ltr'><strong>eadem</strong></span> <span class='ocrx_word' id='word_1_497' title='bbox 314 3884 382 3924; x_wconf 82' lang='lat' dir='ltr'><strong>est,</strong></span> <span class='ocrx_word' id='word_1_498' title='bbox 415 3877 494 3916; x_wconf 86' lang='lat' dir='ltr'><strong>sive</strong></span> <span class='ocrx_word' id='word_1_499' title='bbox 513 3877 631 3915; x_wconf 89' lang='lat' dir='ltr'><strong>Luna</strong></span> <span class='ocrx_word' id='word_1_500' title='bbox 662 3876 702 3914; x_wconf 91' lang='lat' dir='ltr'><strong>in</strong></span> <span class='ocrx_word' id='word_1_501' title='bbox 734 3877 898 3928; x_wconf 88' lang='lat' dir='ltr'><strong>syzygiis</strong></span> <span class='ocrx_word' id='word_1_502' title='bbox 929 3878 1007 3917; x_wconf 88' lang='lat' dir='ltr'><strong>sive</strong></span> <span class='ocrx_word' id='word_1_503' title='bbox 1039 3879 1080 3916; x_wconf 87' lang='lat' dir='ltr'><strong>in</strong></span> 
     </span>
    </p>
   </div>
   <div class='ocr_carea' id='block_1_10' title="bbox 278 2813 1082 2865">
    <p class='ocr_par' dir='ltr' id='par_1_13' title="bbox 278 2813 1082 2865">
     <span class='ocr_line' id='line_1_57' title="bbox 278 2813 1082 2865; baseline 0.004 -15"><span class='ocrx_word' id='word_1_504' title='bbox 278 2827 314 2865; x_wconf 93' lang='lat' dir='ltr'><strong>q,</strong></span> <span class='ocrx_word' id='word_1_505' title='bbox 345 2813 422 2851; x_wconf 91' lang='lat' dir='ltr'><strong>sive</strong></span> <span class='ocrx_word' id='word_1_506' title='bbox 450 2822 494 2852; x_wconf 89' lang='lat' dir='ltr'><strong>ut</strong></span> <span class='ocrx_word' id='word_1_507' title='bbox 520 2826 568 2851; x_wconf 82' lang='lat' dir='ltr'><strong>ex</strong></span> <span class='ocrx_word' id='word_1_508' title='bbox 603 2813 693 2852; x_wconf 83' lang='lat' dir='ltr'><strong>Cor·</strong></span> <span class='ocrx_word' id='word_1_509' title='bbox 715 2818 750 2852; x_wconf 79' lang='grc'><strong>3.</strong></span> <span class='ocrx_word' id='word_1_510' title='bbox 792 2814 908 2861; x_wconf 89' lang='lat' dir='ltr'><strong>Prop.</strong></span> <span class='ocrx_word' id='word_1_511' title='bbox 941 2827 1082 2863; x_wconf 87' lang='lat' dir='ltr'><strong>praece-</strong></span> 
     </span>
    </p>
   </div>
   <div class='ocr_carea' id='block_1_11' title="bbox 1137 2059 2189 2959">
    <p class='ocr_par' dir='ltr' id='par_1_14' title="bbox 1138 2059 2189 2745">
     <span class='ocr_line' id='line_1_58' title="bbox 1138 2059 2189 2097; baseline 0.002 -2"><span class='ocrx_word' id='word_1_512' title='bbox 1138 2059 1181 2095; x_wconf 88' lang='lat' dir='ltr'><strong>in</strong></span> <span class='ocrx_word' id='word_1_513' title='bbox 1199 2059 1273 2096; x_wconf 92' lang='lat' dir='ltr'><strong>hoc</strong></span> <span class='ocrx_word' id='word_1_514' title='bbox 1292 2070 1382 2096; x_wconf 89' lang='lat' dir='ltr'><strong>casu</strong></span> <span class='ocrx_word' id='word_1_515' title='bbox 1405 2060 1442 2096; x_wconf 90' lang='lat' dir='ltr'>A</span> <span class='ocrx_word' id='word_1_516' title='bbox 1463 2060 1498 2096; x_wconf 90' lang='lat' dir='ltr'><strong>B</strong></span> <span class='ocrx_word' id='word_1_517' title='bbox 1520 2066 1558 2096; x_wconf 89' lang='lat' dir='ltr'><strong>et</strong></span> <span class='ocrx_word' id='word_1_518' title='bbox 1580 2060 1616 2096; x_wconf 95' lang='lat' dir='ltr'>A</span> <span class='ocrx_word' id='word_1_519' title='bbox 1639 2060 1677 2096; x_wconf 95' lang='lat' dir='ltr'>D</span> <span class='ocrx_word' id='word_1_520' title='bbox 1695 2059 1827 2096; x_wconf 83' lang='lat' dir='ltr'><strong>eadem</strong></span> <span class='ocrx_word' id='word_1_521' title='bbox 1847 2059 2078 2097; x_wconf 88' lang='lat' dir='ltr'><strong>assumenda</strong></span> <span class='ocrx_word' id='word_1_522' title='bbox 2098 2067 2189 2097; x_wconf 84' lang='lat' dir='ltr'><strong>sunt</strong></span> 
     </span>
     <span class='ocr_line' id='line_1_59' title="bbox 1139 2111 2188 2161; baseline 0.001 -12"><span class='ocrx_word' id='word_1_523' title='bbox 1139 2124 1183 2149; x_wconf 90' lang='lat' dir='ltr'><strong>ac</strong></span> <span class='ocrx_word' id='word_1_524' title='bbox 1202 2111 1243 2148; x_wconf 86' lang='lat' dir='ltr'><strong>in</strong></span> <span class='ocrx_word' id='word_1_525' title='bbox 1262 2125 1352 2149; x_wconf 83' lang='lat' dir='ltr'><strong>casu</strong></span> <span class='ocrx_word' id='word_1_526' title='bbox 1372 2112 1624 2160; x_wconf 73' lang='lat' dir='ltr'><strong>praecedenti:</strong></span> <span class='ocrx_word' id='word_1_527' title='bbox 1649 2113 1843 2161; x_wconf 87' lang='lat' dir='ltr'><strong>reliquum</strong></span> <span class='ocrx_word' id='word_1_528' title='bbox 1861 2112 2106 2151; x_wconf 88' lang='lat' dir='ltr'><strong>ratiocinium</strong></span> <span class='ocrx_word' id='word_1_529' title='bbox 2126 2113 2188 2150; x_wconf 90' lang='lat' dir='ltr'><strong>hic</strong></span> 
     </span>
     <span class='ocr_line' id='line_1_60' title="bbox 1140 2164 2189 2215; baseline -0.001 -13"><span class='ocrx_word' id='word_1_530' title='bbox 1140 2164 1255 2202; x_wconf 87' lang='lat' dir='ltr'><strong>etiam</strong></span> <span class='ocrx_word' id='word_1_531' title='bbox 1284 2164 1508 2213; x_wconf 84' lang='lat' dir='ltr'><strong>adplicatur,</strong></span> <span class='ocrx_word' id='word_1_532' title='bbox 1541 2178 1632 2202; x_wconf 88' lang='lat' dir='ltr'><strong>nam</strong></span> <span class='ocrx_word' id='word_1_533' title='bbox 1660 2166 1834 2215; x_wconf 81' lang='lat' dir='ltr'><strong>quamvis</strong></span> <span class='ocrx_word' id='word_1_534' title='bbox 1861 2174 2015 2214; x_wconf 88' lang='lat' dir='ltr'><strong>tempus</strong></span> <span class='ocrx_word' id='word_1_535' title='bbox 2043 2165 2189 2203; x_wconf 69' lang='lat' dir='ltr'><strong>reditus</strong></span> 
     </span>
     <span class='ocr_line' id='line_1_61' title="bbox 1141 2218 2188 2270; baseline 0 -14"><span class='ocrx_word' id='word_1_536' title='bbox 1141 2218 1269 2256; x_wconf 91' lang='lat' dir='ltr'><strong>Lunae</strong></span> <span class='ocrx_word' id='word_1_537' title='bbox 1288 2218 1337 2255; x_wconf 90' lang='lat' dir='ltr'><strong>ad</strong></span> <span class='ocrx_word' id='word_1_538' title='bbox 1356 2219 1650 2268; x_wconf 86' lang='lat' dir='ltr'><strong>nonagesimum</strong></span> <span class='ocrx_word' id='word_1_539' title='bbox 1679 2232 1702 2255; x_wconf 91' lang='lat' dir='ltr'><strong>a</strong></span> <span class='ocrx_word' id='word_1_540' title='bbox 1729 2219 1833 2256; x_wconf 89' lang='lat' dir='ltr'><strong>nodo</strong></span> <span class='ocrx_word' id='word_1_541' title='bbox 1852 2219 2018 2270; x_wconf 88' lang='lat' dir='ltr'><strong>gradum</strong></span> <span class='ocrx_word' id='word_1_542' title='bbox 2037 2219 2188 2257; x_wconf 85' lang='lat' dir='ltr'><strong>brevior</strong></span> 
     </span>
     <span class='ocr_line' id='line_1_62' title="bbox 1140 2270 2189 2322; baseline 0.002 -15"><span class='ocrx_word' id='word_1_543' title='bbox 1140 2271 1189 2308; x_wconf 90' lang='lat' dir='ltr'><strong>sit</strong></span> <span class='ocrx_word' id='word_1_544' title='bbox 1207 2278 1378 2319; x_wconf 84' lang='lat' dir='ltr'><strong>tempore</strong></span> <span class='ocrx_word' id='word_1_545' title='bbox 1398 2271 1481 2321; x_wconf 88' lang='lat' dir='ltr'><strong>ejus</strong></span> <span class='ocrx_word' id='word_1_546' title='bbox 1499 2270 1644 2309; x_wconf 69' lang='lat' dir='ltr'><strong>reditus</strong></span> <span class='ocrx_word' id='word_1_547' title='bbox 1663 2271 1712 2308; x_wconf 86' lang='lat' dir='ltr'><strong>ad</strong></span> <span class='ocrx_word' id='word_1_548' title='bbox 1731 2273 1927 2322; x_wconf 82' lang='lat' dir='ltr'><strong>syzygiam</strong></span> <span class='ocrx_word' id='word_1_549' title='bbox 1954 2272 2033 2309; x_wconf 87' lang='lat' dir='ltr'><strong>sive</strong></span> <span class='ocrx_word' id='word_1_550' title='bbox 2054 2285 2189 2309; x_wconf 83' lang='lat' dir='ltr'><strong>mense</strong></span> 
     </span>
     <span class='ocr_line' id='line_1_63' title="bbox 1141 2324 2187 2373; baseline 0.002 -13"><span class='ocrx_word' id='word_1_551' title='bbox 1141 2324 1335 2373; x_wconf 87' lang='lat' dir='ltr'><strong>synodico,</strong></span> <span class='ocrx_word' id='word_1_552' title='bbox 1365 2324 1554 2373; x_wconf 87' lang='lat' dir='ltr'><strong>siquidem</strong></span> <span class='ocrx_word' id='word_1_553' title='bbox 1582 2338 1716 2362; x_wconf 90' lang='lat' dir='ltr'><strong>mense</strong></span> <span class='ocrx_word' id='word_1_554' title='bbox 1734 2325 1929 2373; x_wconf 89' lang='lat' dir='ltr'><strong>periodico</strong></span> <span class='ocrx_word' id='word_1_555' title='bbox 1957 2326 2071 2363; x_wconf 86' lang='lat' dir='ltr'><strong>etiam</strong></span> <span class='ocrx_word' id='word_1_556' title='bbox 2100 2328 2187 2363; x_wconf 78' lang='lat' dir='ltr'><strong>bre-</strong></span> 
     </span>
     <span class='ocr_line' id='line_1_64' title="bbox 1139 2378 2188 2423; baseline 0.002 -9"><span class='ocrx_word' id='word_1_557' title='bbox 1139 2378 1222 2414; x_wconf 91' lang='lat' dir='ltr'><strong>vior</strong></span> <span class='ocrx_word' id='word_1_558' title='bbox 1240 2385 1307 2423; x_wconf 86' lang='lat' dir='ltr'><strong>est,</strong></span> <span class='ocrx_word' id='word_1_559' title='bbox 1337 2388 1466 2415; x_wconf 82' lang='lat' dir='ltr'><strong>tamen</strong></span> <span class='ocrx_word' id='word_1_560' title='bbox 1485 2378 1548 2414; x_wconf 91' lang='lat' dir='ltr'><strong>hic</strong></span> <span class='ocrx_word' id='word_1_561' title='bbox 1568 2391 1678 2415; x_wconf 87' lang='lat' dir='ltr'><strong>casus</strong></span> <span class='ocrx_word' id='word_1_562' title='bbox 1697 2379 1745 2415; x_wconf 91' lang='lat' dir='ltr'><strong>ad</strong></span> <span class='ocrx_word' id='word_1_563' title='bbox 1765 2378 1959 2416; x_wconf 88' lang='lat' dir='ltr'><strong>fictionem</strong></span> <span class='ocrx_word' id='word_1_564' title='bbox 1985 2379 2188 2416; x_wconf 83' lang='lat' dir='ltr'><strong>Corollarii</strong></span> 
     </span>
     <span class='ocr_line' id='line_1_65' title="bbox 1140 2431 2187 2481; baseline 0 -13"><span class='ocrx_word' id='word_1_565' title='bbox 1140 2431 1300 2468; x_wconf 85' lang='lat' dir='ltr'><strong>secundi</strong></span> <span class='ocrx_word' id='word_1_566' title='bbox 1319 2432 1442 2481; x_wconf 86' lang='lat' dir='ltr'><strong>magis</strong></span> <span class='ocrx_word' id='word_1_567' title='bbox 1461 2431 1619 2477; x_wconf 84' lang='lat' dir='ltr'><strong>accedit,</strong></span> <span class='ocrx_word' id='word_1_568' title='bbox 1639 2431 1680 2467; x_wconf 91' lang='lat' dir='ltr'><strong>in</strong></span> <span class='ocrx_word' id='word_1_569' title='bbox 1699 2444 1777 2481; x_wconf 92' lang='lat' dir='ltr'><strong>quo</strong></span> <span class='ocrx_word' id='word_1_570' title='bbox 1797 2445 1937 2480; x_wconf 84' lang='lat' dir='ltr'><strong>nempe</strong></span> <span class='ocrx_word' id='word_1_571' title='bbox 1957 2432 2187 2480; x_wconf 87' lang='lat' dir='ltr'><strong>supponitur</strong></span> 
     </span>
     <span class='ocr_line' id='line_1_66' title="bbox 1139 2484 2187 2522; baseline 0.002 -2"><span class='ocrx_word' id='word_1_572' title='bbox 1139 2484 1288 2522; x_wconf 90' lang='lat' dir='ltr'><strong>nodum</strong></span> <span class='ocrx_word' id='word_1_573' title='bbox 1320 2492 1401 2521; x_wconf 83' lang='lat' dir='ltr'><strong>toto</strong></span> <span class='ocrx_word' id='word_1_574' title='bbox 1433 2497 1566 2522; x_wconf 80' lang='lat' dir='ltr'><strong>mense</strong></span> <span class='ocrx_word' id='word_1_575' title='bbox 1602 2484 1821 2522; x_wconf 88' lang='lat' dir='ltr'><strong>sensibilem</strong></span> <span class='ocrx_word' id='word_1_576' title='bbox 1855 2485 1954 2522; x_wconf 89' lang='lat' dir='ltr'><strong>viam</strong></span> <span class='ocrx_word' id='word_1_577' title='bbox 1989 2498 2067 2521; x_wconf 88' lang='lat' dir='ltr'><strong>non</strong></span> <span class='ocrx_word' id='word_1_578' title='bbox 2106 2498 2187 2522; x_wconf 86' lang='lat' dir='ltr'><strong>esse</strong></span> 
     </span>
     <span class='ocr_line' id='line_1_67' title="bbox 1140 2536 2186 2587; baseline 0 -13"><span class='ocrx_word' id='word_1_579' title='bbox 1140 2550 1353 2583; x_wconf 85' lang='lat' dir='ltr'><strong>emensum,</strong></span> <span class='ocrx_word' id='word_1_580' title='bbox 1392 2536 1497 2587; x_wconf 87' lang='lat' dir='ltr'><strong>quod</strong></span> <span class='ocrx_word' id='word_1_581' title='bbox 1533 2538 1692 2587; x_wconf 88' lang='lat' dir='ltr'><strong>quidem</strong></span> <span class='ocrx_word' id='word_1_582' title='bbox 1728 2539 1945 2575; x_wconf 86' lang='lat' dir='ltr'><strong>accuratius</strong></span> <span class='ocrx_word' id='word_1_583' title='bbox 1977 2538 2126 2575; x_wconf 84' lang='lat' dir='ltr'><strong>dicetur</strong></span> <span class='ocrx_word' id='word_1_584' title='bbox 2154 2539 2186 2575; x_wconf 88' lang='lat' dir='ltr'><strong>si</strong></span> 
     </span>
     <span class='ocr_line' id='line_1_68' title="bbox 1138 2590 2186 2629; baseline 0.003 -3"><span class='ocrx_word' id='word_1_585' title='bbox 1138 2598 1354 2627; x_wconf 84' lang='lat' dir='ltr'><strong>assumatur</strong></span> <span class='ocrx_word' id='word_1_586' title='bbox 1380 2590 1525 2628; x_wconf 87' lang='lat' dir='ltr'><strong>reditus</strong></span> <span class='ocrx_word' id='word_1_587' title='bbox 1546 2591 1674 2628; x_wconf 89' lang='lat' dir='ltr'><strong>Lunae</strong></span> <span class='ocrx_word' id='word_1_588' title='bbox 1702 2590 1751 2627; x_wconf 89' lang='lat' dir='ltr'><strong>ad</strong></span> <span class='ocrx_word' id='word_1_589' title='bbox 1779 2591 1959 2628; x_wconf 88' lang='lat' dir='ltr'><strong>eumdem</strong></span> <span class='ocrx_word' id='word_1_590' title='bbox 1988 2591 2105 2628; x_wconf 88' lang='lat' dir='ltr'><strong>situm</strong></span> <span class='ocrx_word' id='word_1_591' title='bbox 2125 2604 2186 2629; x_wconf 57' lang='lat' dir='ltr'><strong>res</strong></span> 
     </span>
     <span class='ocr_line' id='line_1_69' title="bbox 1139 2642 2186 2693; baseline 0.001 -13"><span class='ocrx_word' id='word_1_592' title='bbox 1139 2650 1272 2692; x_wconf 79' lang='lat' dir='ltr'><strong>spectu</strong></span> <span class='ocrx_word' id='word_1_593' title='bbox 1287 2642 1403 2689; x_wconf 91' lang='lat' dir='ltr'><strong>nodi;</strong></span> <span class='ocrx_word' id='word_1_594' title='bbox 1425 2644 1486 2680; x_wconf 91' lang='lat' dir='ltr'><strong>hic</strong></span> <span class='ocrx_word' id='word_1_595' title='bbox 1506 2656 1598 2693; x_wconf 86' lang='lat' dir='ltr'><strong>ergo</strong></span> <span class='ocrx_word' id='word_1_596' title='bbox 1617 2642 1752 2680; x_wconf 89' lang='lat' dir='ltr'><strong>eadem</strong></span> <span class='ocrx_word' id='word_1_597' title='bbox 1768 2644 2002 2681; x_wconf 83' lang='lat' dir='ltr'><strong>constructio</strong></span> <span class='ocrx_word' id='word_1_598' title='bbox 2020 2657 2064 2681; x_wconf 89' lang='lat' dir='ltr'><strong>ac</strong></span> <span class='ocrx_word' id='word_1_599' title='bbox 2082 2645 2186 2693; x_wconf 84' lang='lat' dir='ltr'><strong>prior</strong></span> 
     </span>
     <span class='ocr_line' id='line_1_70' title="bbox 1140 2696 1715 2745; baseline -0.002 -11"><span class='ocrx_word' id='word_1_600' title='bbox 1140 2696 1275 2745; x_wconf 87' lang='lat' dir='ltr'><strong>potiori</strong></span> <span class='ocrx_word' id='word_1_601' title='bbox 1289 2697 1379 2745; x_wconf 86' lang='lat' dir='ltr'><strong>jure</strong></span> <span class='ocrx_word' id='word_1_602' title='bbox 1398 2697 1469 2732; x_wconf 89' lang='lat' dir='ltr'><strong>erit</strong></span> <span class='ocrx_word' id='word_1_603' title='bbox 1488 2696 1715 2733; x_wconf 85' lang='lat' dir='ltr'><strong>adhibenda.</strong></span> 
     </span>
    </p>

    <p class='ocr_par' dir='ltr' id='par_1_15' title="bbox 1137 2749 2185 2959">
     <span class='ocr_line' id='line_1_71' title="bbox 1190 2749 2184 2801; baseline 0.003 -15"><span class='ocrx_word' id='word_1_604' title='bbox 1190 2749 1240 2801; x_wconf 80' lang='lat' dir='ltr'><strong>(f)</strong></span> <span class='ocrx_word' id='word_1_605' title='bbox 1265 2753 1283 2773; x_wconf 71' lang='lat'><strong>³*</strong></span> <span class='ocrx_word' id='word_1_606' title='bbox 1300 2752 1352 2787; x_wconf 84' lang='lat' dir='ltr'><strong>In</strong></span> <span class='ocrx_word' id='word_1_607' title='bbox 1365 2751 1506 2787; x_wconf 80' lang='lat' dir='ltr'><strong>calculo</strong></span> <span class='ocrx_word' id='word_1_608' title='bbox 1521 2751 1733 2787; x_wconf 79' lang='lat' dir='ltr'><strong>latitudinis</strong></span> <span class='ocrx_word' id='word_1_609' title='bbox 1748 2757 2022 2799; x_wconf 81' lang='lat' dir='ltr'><strong>compensatur,</strong></span> <span class='ocrx_word' id='word_1_610' title='bbox 2038 2757 2074 2788; x_wconf 86' lang='lat' dir='ltr'><strong>et</strong></span> <span class='ocrx_word' id='word_1_611' title='bbox 2093 2765 2184 2801; x_wconf 82' lang='lat' dir='ltr'><strong>quo-</strong></span> 
     </span>
     <span class='ocr_line' id='line_1_72' title="bbox 1137 2804 2183 2852; baseline 0.002 -12"><span class='ocrx_word' id='word_1_612' title='bbox 1137 2805 1333 2841; x_wconf 82' lang='lat' dir='ltr'><strong>dammodo</strong></span> <span class='ocrx_word' id='word_1_613' title='bbox 1361 2804 1507 2840; x_wconf 77' lang='lat' dir='ltr'><strong>tollitur</strong></span> <span class='ocrx_word' id='word_1_614' title='bbox 1528 2816 1600 2852; x_wconf 78' lang='lat' dir='ltr'><strong>per</strong></span> <span class='ocrx_word' id='word_1_615' title='bbox 1619 2804 1916 2852; x_wconf 77' lang='lat' dir='ltr'><strong>inaequalitatem</strong></span> <span class='ocrx_word' id='word_1_616' title='bbox 1944 2811 2183 2842; x_wconf 78' lang='lat' dir='ltr'><strong>menstruam</strong></span> 
     </span>
     <span class='ocr_line' id='line_1_73' title="bbox 1138 2854 2184 2904; baseline 0 -10"><span class='ocrx_word' id='word_1_617' title='bbox 1138 2864 1261 2894; x_wconf 82' lang='lat' dir='ltr'><strong>motus</strong></span> <span class='ocrx_word' id='word_1_618' title='bbox 1280 2858 1482 2894; x_wconf 84' lang='lat' dir='ltr'><strong>nodorum.</strong></span> <span class='ocrx_word' id='word_1_619' title='bbox 1546 2854 1730 2893; x_wconf 89' lang='lat' dir='ltr'><strong>Calculus</strong></span> <span class='ocrx_word' id='word_1_620' title='bbox 1748 2855 1964 2893; x_wconf 81' lang='lat' dir='ltr'><strong>latitudinis</strong></span> <span class='ocrx_word' id='word_1_621' title='bbox 1983 2856 2039 2902; x_wconf 89' lang='lat' dir='ltr'><strong>fit,</strong></span> <span class='ocrx_word' id='word_1_622' title='bbox 2060 2855 2184 2904; x_wconf 68' lang='lat' dir='ltr'><strong>posita</strong></span> 
     </span>
     <span class='ocr_line' id='line_1_74' title="bbox 1137 2906 2185 2959; baseline 0.001 -13"><span class='ocrx_word' id='word_1_623' title='bbox 1137 2908 1389 2947; x_wconf 85' lang='lat' dir='ltr'><strong>inclinatione</strong></span> <span class='ocrx_word' id='word_1_624' title='bbox 1416 2907 1550 2947; x_wconf 84' lang='lat' dir='ltr'><strong>orbitae</strong></span> <span class='ocrx_word' id='word_1_625' title='bbox 1568 2908 1716 2946; x_wconf 87' lang='lat' dir='ltr'><strong>lunaris</strong></span> <span class='ocrx_word' id='word_1_626' title='bbox 1733 2908 1784 2947; x_wconf 90' lang='lat' dir='ltr'><strong>ad</strong></span> <span class='ocrx_word' id='word_1_627' title='bbox 1800 2908 1964 2957; x_wconf 89' lang='lat' dir='ltr'><strong>planum</strong></span> <span class='ocrx_word' id='word_1_628' title='bbox 1982 2906 2185 2959; x_wconf 80' lang='lat' dir='ltr'><strong>eclipticae,</strong></span> 
     </span>
    </p>
   </div>
   <div class='ocr_carea' id='block_1_12' title="bbox 1240 3016 2095 3655">
    <p class='ocr_par' dir='ltr' id='par_1_16' title="bbox 1240 3016 2095 3655">
     <span class='ocr_line' id='line_1_75' title="bbox 1240 3016 2095 3655; baseline 0 641"><span class='ocrx_word' id='word_1_629' title='bbox 1240 3016 2095 3655; x_wconf 95' lang='lat' dir='ltr'><strong> </strong></span> 
     </span>
    </p>
   </div>
   <div class='ocr_carea' id='block_1_13' title="bbox 1133 3723 2182 3934">
    <p class='ocr_par' dir='ltr' id='par_1_17' title="bbox 1133 3723 2182 3934">
     <span class='ocr_line' id='line_1_76' title="bbox 1133 3723 2182 3778; baseline 0.011 -20"><span class='ocrx_word' id='word_1_630' title='bbox 1133 3729 1171 3759; x_wconf 89' lang='lat' dir='ltr'><strong>et</strong></span> <span class='ocrx_word' id='word_1_631' title='bbox 1198 3723 1395 3772; x_wconf 71' lang='lat' dir='ltr'><strong>assumpta</strong></span> <span class='ocrx_word' id='word_1_632' title='bbox 1413 3724 1595 3764; x_wconf 71' lang='lat' dir='ltr'><strong>distantia</strong></span> <span class='ocrx_word' id='word_1_633' title='bbox 1615 3726 1743 3765; x_wconf 89' lang='lat' dir='ltr'><strong>Lunae</strong></span> <span class='ocrx_word' id='word_1_634' title='bbox 1770 3741 1794 3767; x_wconf 85' lang='lat' dir='ltr'><strong>a</strong></span> <span class='ocrx_word' id='word_1_635' title='bbox 1819 3729 1947 3778; x_wconf 85' lang='lat' dir='ltr'><strong>nodo3</strong></span> <span class='ocrx_word' id='word_1_636' title='bbox 1976 3730 2066 3770; x_wconf 87' lang='lat' dir='ltr'><strong>hinc</strong></span> <span class='ocrx_word' id='word_1_637' title='bbox 2094 3730 2182 3770; x_wconf 86' lang='lat' dir='ltr'><strong>lati-</strong></span> 
     </span>
     <span class='ocr_line' id='line_1_77' title="bbox 1133 3775 2180 3830; baseline 0.01 -18"><span class='ocrx_word' id='word_1_638' title='bbox 1133 3775 1230 3813; x_wconf 88' lang='lat' dir='ltr'><strong>tudo</strong></span> <span class='ocrx_word' id='word_1_639' title='bbox 1259 3776 1626 3826; x_wconf 87' lang='lat' dir='ltr'><strong>Lunaeobtinetur,</strong></span> <span class='ocrx_word' id='word_1_640' title='bbox 1658 3793 1747 3830; x_wconf 88' lang='lat' dir='ltr'><strong>quae</strong></span> <span class='ocrx_word' id='word_1_641' title='bbox 1779 3786 1914 3821; x_wconf 87' lang='lat' dir='ltr'><strong>crescit</strong></span> <span class='ocrx_word' id='word_1_642' title='bbox 1945 3797 1968 3821; x_wconf 86' lang='lat' dir='ltr'><strong>a</strong></span> <span class='ocrx_word' id='word_1_643' title='bbox 1997 3784 2100 3822; x_wconf 90' lang='lat' dir='ltr'><strong>nodo</strong></span> <span class='ocrx_word' id='word_1_644' title='bbox 2131 3784 2180 3822; x_wconf 90' lang='lat' dir='ltr'><strong>ad</strong></span> 
     </span>
     <span class='ocr_line' id='line_1_78' title="bbox 1134 3828 2182 3884; baseline 0.01 -20"><span class='ocrx_word' id='word_1_645' title='bbox 1134 3828 1298 3878; x_wconf 85' lang='lat' dir='ltr'><strong>gradum</strong></span> <span class='ocrx_word' id='word_1_646' title='bbox 1328 3843 1351 3868; x_wconf 83' lang='lat' dir='ltr'><strong>a</strong></span> <span class='ocrx_word' id='word_1_647' title='bbox 1382 3830 1486 3869; x_wconf 92' lang='lat' dir='ltr'><strong>nodo</strong></span> <span class='ocrx_word' id='word_1_648' title='bbox 1520 3834 1830 3884; x_wconf 86' lang='lat' dir='ltr'><strong>nonagesimum,</strong></span> <span class='ocrx_word' id='word_1_649' title='bbox 1869 3836 1961 3875; x_wconf 89' lang='lat' dir='ltr'><strong>inde</strong></span> <span class='ocrx_word' id='word_1_650' title='bbox 1998 3838 2182 3876; x_wconf 80' lang='lat' dir='ltr'><strong>decrescit</strong></span> 
     </span>
     <span class='ocr_line' id='line_1_79' title="bbox 1134 3881 2180 3934; baseline 0.01 -16"><span class='ocrx_word' id='word_1_651' title='bbox 1134 3881 1353 3921; x_wconf 88' lang='lat' dir='ltr'><strong>accedendo</strong></span> <span class='ocrx_word' id='word_1_652' title='bbox 1382 3884 1428 3922; x_wconf 79' lang='lat' dir='ltr'><strong>ad</strong></span> <span class='ocrx_word' id='word_1_653' title='bbox 1460 3885 1626 3923; x_wconf 82' lang='lat' dir='ltr'><strong>alterum</strong></span> <span class='ocrx_word' id='word_1_654' title='bbox 1664 3887 1823 3934; x_wconf 89' lang='lat' dir='ltr'><strong>nodum,</strong></span> <span class='ocrx_word' id='word_1_655' title='bbox 1858 3890 1926 3928; x_wconf 68' lang='lat' dir='ltr'><strong>Sec.</strong></span> <span class='ocrx_word' id='word_1_656' title='bbox 1990 3891 2180 3930; x_wconf 83' lang='lat' dir='ltr'><strong>Procedat</strong></span> 
     </span>
    </p>
   </div>
   <div class='ocr_carea' id='block_1_14' title="bbox 1068 3951 1158 3990">
    <p class='ocr_par' dir='ltr' id='par_1_18' title="bbox 1068 3951 1158 3990">
     <span class='ocr_line' id='line_1_80' title="bbox 1068 3951 1158 3990; baseline 0.022 -2"><span class='ocrx_word' id='word_1_657' title='bbox 1068 3951 1158 3990; x_wconf 69' lang='lat'><strong>1⁴33</strong></span> 
     </span>
    </p>
   </div>
  </div>
 </body>
</html>
