2540 4296
263 284 328 327 10
730 274 1296 332 PHILOSOPHIAE
1339 276 1791 330 NATURALIS
1866 278 1984 342 [DE
2013 278 2215 330 Mum).
2247 280 2401 331 SYs'r.

256 420 442 460 dimidius
471 428 529 460 est
560 428 692 460 octans
723 420 869 468 circuli,
908 420 950 458 in
982 428 1134 459 octante
1170 421 1299 471 itaque

255 475 449 513 obtinetur
484 474 663 513 velocitas
698 488 786 524 quae
823 481 880 512 est
914 473 1072 524 aequalis
1109 474 1298 512 velocitati

254 528 439 566 mediocri
461 528 598 566 Lunae.
662 529 765 572 Quae
783 527 942 577 quidem
967 528 1011 564 in
1037 527 1128 565 nota
1150 528 1297 576 superi-

255 593 322 619 ore
339 594 364 631 q
383 580 678 619 demonstranda
697 593 777 618 esse
797 580 1030 618 dixeramus.

310 634 375 673 Ex
412 635 529 685 hujus
565 640 694 671 autem
733 632 980 682 problematis
1015 633 1299 672 constructione

252 686 375 738 liquet
400 700 528 725 aream
557 699 624 736 per
651 686 891 725 velocitatem
915 686 1148 725 mediocrem
1169 688 1298 724 Lunae

253 739 482 789 descriptam
513 747 685 789 tempore
721 741 753 778 C
790 740 837 786 P,
871 740 1034 789 exprimi
1069 753 1138 789 per
1167 752 1296 777 aream

257 794 294 832 Y
315 794 351 832 E
374 795 396 832 Ι
419 794 469 840 V,
498 801 536 831 et
554 794 638 844 ejus
657 793 824 832 valorem
844 805 927 831 esse
950 805 993 832 m
1011 793 1026 830 1
1043 806 1067 830 v
1088 793 1141 845 -ξ-
1162 806 1204 830 m
1221 804 1241 828 r
1259 805 1293 839 v,

1355 431 1357 434 ’
1405 421 1467 459 50.
1522 421 1719 466 Quoniam
1740 420 1971 471 quantitates
1989 421 2003 458 l
2022 434 2043 459 c
2065 421 2118 474 -}-
2140 434 2159 457 r
2177 433 2211 467 c,
2232 429 2270 458 et
2289 433 2402 460 arcus

1351 474 1613 524 quadrantalis
1636 475 1668 513 C
1691 474 1725 512 P
1748 476 1783 512 A
1805 481 1896 511 sunt
1921 474 2153 523 quantitates
2171 482 2398 518 constantes,

1350 527 1600 565 manifestum
1637 535 1694 566 est
1729 527 1833 578 quod
1879 526 2105 565 variationes
2141 526 2185 565 in
2218 528 2400 565 omnibus

1352 580 1507 629 punctis
1528 581 1576 626 P,
1597 588 1689 618 sunt
1706 589 1752 617 ut
1774 581 1809 618 P
1833 580 1873 618 K
1893 585 1934 626 ><
1963 581 1998 617 Τ
2016 580 2071 625 Κ,
2091 580 2171 618 sive
2188 587 2234 618 ut
2251 581 2398 618 factum

1352 633 1459 672 sinus
1477 633 1589 671 arcus
1611 634 1643 673 C
1671 634 1702 672 P
1719 634 1762 670 in
1781 635 1865 684 ejus
1883 633 2073 671 cosinum.

1404 738 1464 777 40.
1522 737 1810 790 Rectangulum
1828 739 1864 777 T
1881 739 1920 776 K
1936 745 1978 786 ><
2002 739 2037 777 Ρ
2055 738 2096 776 Κ
2112 745 2170 776 est
2180 738 2397 776 maximum

1349 792 1417 830 ubi
1431 800 1621 841 punctum
1640 793 1675 831 P
1689 801 1746 830 est
1760 792 1801 829 in
1816 800 1980 839 uetante,
1993 792 2098 844 quod
2113 792 2400 830 demonstratur

253 847 349 886 dum
367 859 456 888 area
473 845 561 885 vere
578 860 645 896 per
666 846 823 886 Lunam
843 845 1031 895 descripta
1056 846 1293 895 exprimetur
1346 858 1393 884 eo
1419 845 1537 883 modo
1556 859 1672 896 quem
1700 847 1741 883 in
1768 844 1862 884 nota
1895 850 1981 884 111.
2016 844 2255 895 praecedente
2269 844 2397 882 videre

251 913 320 948 per
348 900 516 950 spatium
543 899 805 939 mixtilineum
837 900 871 939 C
901 900 939 938 Ε
971 900 992 938 Ι
1023 899 1091 948 Μ;
1125 899 1292 949 spatium
1346 899 1448 946 licet,
1486 899 1577 937 hinc
1611 899 1769 939 variatio
1797 899 1970 938 maxima
2002 907 2061 937 est
2090 899 2130 936 in
2166 898 2396 939 octantibus.

249 2138 1296 2189 CEIPestmlv‚spatiumver6CPM,estad

245 2192 1306 2241 areachKutemad1;totaareaCTPest‘

244 2246 1030 2356 ι-’ἑ-’-Ῐ,ειρειῒ.ἰιιιῐιΡΚΤεςιιΥΧΚΤ

511 2381 532 2406 r
548 2382 574 2406 v
591 2391 645 2399 -
661 2366 892 2444 §LE-H,
913 2406 971 2438 est
982 2399 1112 2448 itaque
1126 2395 1293 2445 spatium

249 2403 284 2443 C
307 2401 407 2442 PK
426 2409 485 2442 est
685 2440 710 2472 2

249 2491 282 2530 C
307 2491 799 2538 PM=mrv—my
830 2491 872 2533 ><
907 2485 1009 2525 ΚΤ
1036 2492 1075 2523 et
1099 2490 1181 2522 tota
1207 2494 1293 2520 area

249 2545 458 2584 CEIM
485 2550 545 2582 est
569 2542 1140 2595 mlv÷mrv—my><
1167 2536 1293 2583 KT;

246 2599 352 2636 unde
370 2598 492 2648 liquet
511 2595 770 2635 differentiam
788 2595 889 2632 inter
915 2604 1043 2630 aream
1063 2604 1132 2640 per
1153 2588 1291 2628 veloci-

245 2660 364 2690 tatem
400 2650 636 2689 mediocrem
667 2648 896 2697 descriptam
930 2653 969 2684 et
1000 2657 1127 2683 aream
1163 2639 1297 2681 revera

245 2705 477 2755 descriptam
510 2717 591 2742 esse
621 2716 663 2741 m
683 2715 707 2752 y
729 2707 770 2748 ><
798 2701 839 2739 Κ
862 2700 909 2744 Τ,
942 2697 1020 2749 qua
1050 2697 1181 2736 deficit.
1208 2709 1297 2733 area

244 2757 376 2797 revera
395 2758 596 2806 descripta,
626 2759 675 2795 ab
693 2754 741 2794 ea
758 2768 846 2806 quae
863 2766 932 2803 per
958 2752 1191 2790 mediocrem
1211 2762 1294 2787 mo-

245 2821 331 2851 tum
349 2824 529 2861 percursa
548 2818 736 2848 censetur.

302 2865 412 2904 Hinc
443 2863 502 2902 10·
532 2864 653 2914 liquet
681 2860 929 2900 variationem
958 2858 1095 2897 debere
1123 2855 1295 2893 subtrahi

245 2932 293 2958 ex
312 2927 423 2957 motu
443 2917 574 2955 medio
592 2929 614 2954 a
633 2912 869 2967 quadratura
886 2912 935 2950 ad
954 2911 1164 2961 syzygiam,
1186 2908 1294 2945 illam

245 2983 469 3011 evanescere
488 2970 529 3007 in
548 2968 703 3020 syzygia
725 2968 776 3014 A,
804 2967 896 3017 quia
912 2965 993 3003 illic
1020 2977 1060 3001 m
1078 2976 1104 3013 y
1125 2968 1167 3010 ><
1195 2961 1236 3000 Κ
1259 2961 1296 2999 Τ

245 3042 303 3063 =
323 3038 357 3071 o,
387 3038 410 3064 a
437 3022 595 3075 syzygia
613 3021 861 3060 variationem
889 3018 978 3057 addi
1006 3018 1144 3055 debere
1169 3013 1296 3053 motui

245 3079 386 3124 medio,
407 3087 453 3116 ut
471 3084 577 3126 patet
594 3090 642 3114 ex
664 3076 799 3126 figurae
816 3070 1111 3109 constructione.

302 3132 364 3171 20.
426 3132 485 3171 Ut
502 3130 696 3181 quantitas
713 3141 755 3166 m
772 3127 788 3165 1
806 3139 828 3165 c
848 3127 902 3179 -1-
925 3138 964 3163 m
984 3137 1003 3161 r
1021 3136 1043 3161 c
1069 3132 1126 3161 est
1143 3120 1193 3160 ad
1211 3133 1294 3159 rec·

246 3186 452 3237 tangulum
482 3198 506 3235 y
528 3184 569 3222 K
593 3188 634 3230 ><
661 3183 697 3221 T
720 3182 775 3228 K,
803 3180 858 3218 ita
876 3186 932 3217 est
950 3176 1143 3229 quadrans
1161 3173 1293 3213 circuli

251 3241 283 3279 C
308 3240 343 3279 P
365 3244 403 3278 A
418 3239 462 3277 T
490 3238 540 3276 ad
566 3249 693 3275 aream
713 3248 801 3287 quae
831 3238 1005 3287 (propter
1021 3226 1292 3277 variationem)

246 3292 483 3332 detrahenda
514 3299 571 3329 est
599 3303 647 3329 ex
675 3288 763 3328 area
794 3288 827 3327 C
849 3288 886 3325 T
911 3287 946 3324 P.
971 3292 1082 3323 motu
1108 3281 1294 3320 mediocri

245 3346 445 3396 descripta,
466 3345 557 3392 sive,
577 3344 762 3396 quoniam
784 3342 815 3379 C
840 3341 875 3379 P
897 3341 934 3378 A
957 3339 994 3377 T
1012 3344 1068 3376 est
1086 3335 1291 3374 dimidium

245 3400 337 3439 facti
366 3400 462 3438 radii
494 3400 536 3437 in
566 3410 700 3436 arcum
723 3396 755 3434 C
780 3395 813 3434 P
837 3395 888 3442 A,
918 3400 957 3431 et
983 3405 1028 3429 ea
1055 3403 1142 3428 area
1166 3388 1291 3427 detra-

245 3453 374 3492 henda
405 3461 463 3491 est
491 3451 607 3491 etiam
627 3448 834 3491 dimidium
852 3446 944 3485 facti
962 3444 1060 3483 radii
1089 3444 1129 3481 in
1159 3454 1292 3480 arcum

246 3507 478 3554 variationis,
513 3506 586 3543 erit
615 3504 732 3542 etiam
763 3508 810 3540 ut
837 3513 877 3539 m
906 3500 921 3537 1
950 3513 972 3538 c
1001 3498 1054 3550 4
1081 3510 1119 3534 m
1150 3508 1168 3532 r
1195 3508 1216 3533 c
1243 3494 1293 3534 ad

246 3574 285 3599 m
319 3574 344 3611 y
380 3566 421 3607 ><
461 3560 499 3599 Τ
533 3559 575 3598 Κ
602 3558 657 3596 ita
682 3568 793 3595 arcus
817 3551 1079 3606 quadrantalis
1120 3551 1152 3589 C
1187 3549 1222 3587 P
1255 3549 1292 3585 A

248 3615 327 3653 sive
368 3627 389 3651 c
430 3613 480 3652 ad
521 3624 655 3651 arcum
691 3607 911 3648 variationis
950 3605 1019 3659 qui
1058 3606 1186 3655 itaque
1222 3601 1295 3640 erit

597 3666 632 3704 P
654 3664 693 3703 K
719 3668 760 3709 ><
787 3662 823 3700 Τ
846 3661 889 3699 Κ

677 3731 692 3769 l
713 3730 766 3783 -1-
787 3741 807 3766 r
889 3721 901 3733 '

1031 2306 1043 2325 ,
1081 2290 1176 2328 ergo
1206 2289 1295 2316 area

246 3681 272 3718 y
292 3667 457 3787 ³<ng
487 3699 566 3737 sive

1745 1878 1750 1896 1

1745 1907 1750 1929 ἵ

1718 1963 1767 1998 E
1804 1961 1860 1998 211·
1931 1938 1938 1947 '
1995 1961 2064 2011 u

1347 2136 1454 2176 unde
1472 2136 1559 2175 fluit
1577 2137 1651 2175 hoc
1668 2136 1922 2187 paradoxum,
1943 2136 2010 2174 ubi
2029 2136 2086 2174 vis
2105 2135 2143 2173 E
2165 2135 2202 2173 L
2226 2134 2397 2173 maxima

1349 2198 1417 2252 est,
1437 2190 1703 2281 illig.fn”im‘³‘
1717 2189 1932 2228 retardatur
1947 2189 2064 2227 Luna
2078 2195 2252 2238 respectu
2267 2187 2396 2226 motus

1348 2257 1410 2281 sui
1427 2256 1490 2281 me
1518 2256 1556 2280 11.

1403 2333 1465 2373 50·
1514 2335 1556 2372 Se·
1574 2334 1731 2372 variatio
1751 2333 1919 2375 ‘maxima
1938 2338 2123 2376 mutetur,
2142 2330 2275 2379 augeri
2293 2330 2396 2366 debet

1348 2389 1404 2427 vel
1429 2389 1558 2426 ‘minui
1575 2388 1680 2429 sinus
1701 2388 1761 2425 ille
1779 2399 1920 2431 versus,
1949 2387 2017 2435 qui
2042 2385 2272 2423 velocitatem
2287 2382 2395 2431 geni-

1347 2448 1429 2479 tam
1455 2444 1498 2479 in
1525 2438 1690 2490 singulis
1715 2439 1871 2488 punctis
1897 2436 2079 2486 exprimit
2103 2438 2147 2475 in
2173 2434 2304 2474 elidem
2331 2449 2394 2472 ra-

1346 2495 1446 2533 tione
1458 2511 1472 2538 ,·
1504 2506 1597 2531 nam
1614 2492 1797 2530 velocitas
1814 2504 1902 2542 quae
1921 2495 2140 2541 generatur,
2169 2487 2396 2538 exprimitur

1347 2559 1416 2595 per
1447 2559 1575 2585 aream
1610 2546 1643 2584 C
1663 2545 1703 2583 K
1728 2545 1760 2595 F
1784 2545 1822 2583 G
1858 2544 1965 2596 (vide
1983 2543 2150 2593 figuram
2173 2540 2318 2590 textus)
2352 2541 2393 2578 in

1348 2600 1565 2638 octantibus
1608 2606 1741 2637 autem
1776 2605 1967 2647 punctum
2007 2597 2041 2634 F
2077 2595 2258 2634 coincidit
2303 2607 2394 2632 cum

1348 2660 1495 2702 puncto
1517 2653 1564 2699 P,
1584 2659 1623 2690 et
1639 2664 1728 2690 area
1749 2652 1780 2689 C
1804 2651 1847 2688 K
1870 2650 1903 2688 F
1926 2651 1964 2688 G
1982 2649 2065 2687 illic
2084 2648 2211 2686 evadit
2235 2647 2394 2697 aequalis

1349 2719 1446 2744 areae
1469 2707 1503 2744 P
1523 2706 1561 2742 K
1586 2706 1633 2749 T,
1656 2717 1749 2755 ergo
1767 2703 1948 2741 velocitas
1966 2702 2007 2740 in
2027 2702 2244 2740 octantibus
2261 2700 2394 2751 genita

1348 2767 1406 2797 est
1423 2766 1468 2797 ut
1490 2760 1526 2796 T
1548 2758 1587 2796 K
1608 2771 1676 2807 per
1699 2758 1734 2795 P
1758 2757 1809 2800 K,
1841 2756 1907 2794 sed
1925 2764 2014 2794 area
2032 2767 2120 2805 quae
2144 2755 2393 2791 variationem

1347 2812 1427 2849 illic
1446 2810 1625 2860 exprimit
1644 2819 1701 2848 est
1718 2810 1832 2848 etiam
1863 2817 1907 2846 ut
1938 2809 1975 2847 T
1996 2808 2038 2846 K
2065 2819 2134 2856 per
2163 2807 2198 2845 P
2221 2806 2275 2852 K,
2308 2807 2395 2857 (per

1348 2866 1509 2915 hujusce
1528 2872 1630 2902 notae
1652 2863 1778 2901 Corol.
1801 2862 1863 2909 5.)
1884 2874 1977 2912 ergo
1995 2860 2174 2898 velocitas
2192 2860 2232 2897 in
2261 2867 2392 2896 octan-

1348 2918 1451 2956 tibus
1470 2926 1526 2955 est
1547 2924 1589 2955 ut
1606 2917 1689 2966 ipsa
1706 2915 1865 2954 variatio
1882 2914 1924 2952 in
1943 2913 2171 2957 octantibus,
2202 2912 2269 2950 sed
2287 2911 2387 2949 velo-

1349 2971 1444 3009 citas
1470 2970 1512 3007 in
1539 2970 1757 3009 octantibus
1774 2976 1833 3007 est
1852 2968 1899 3006 ad
1918 2967 2160 3006 velocitatem
2188 2966 2229 3003 in
2256 2965 2393 3016 quovis

1348 3024 1425 3063 alio
1435 3030 1581 3073 puncto
1597 3022 1640 3066 in
1657 3022 1807 3061 ratione
1820 3019 1910 3060 data
1920 3020 2017 3059 radii
2035 3020 2082 3058 ad
2095 3019 2223 3057 sinum
2238 3030 2391 3058 versum

1348 3077 1554 3127 duplicatae
1568 3075 1759 3114 distantiae
1770 3075 1854 3127 ejus
1868 3074 1949 3112 dati
1961 3074 2095 3124 puncti
2115 3086 2139 3111 a
2157 3069 2392 3124 quadratura

1346 3129 1535 3180 proxima,
1564 3142 1657 3181 ergo
1675 3131 1758 3167 haec
1776 3128 1956 3166 velocitas
1980 3125 2114 3165 crescit
2141 3133 2186 3164 ut
2213 3125 2391 3163 velocitas

1346 3185 1390 3222 in
1407 3184 1638 3230 octantibus,
1658 3179 1825 3234 ideoque
1838 3182 1954 3220 etiam
1973 3188 2018 3218 ut
2035 3179 2193 3217 variatio
2207 3178 2388 3224 maxima,

1346 3253 1433 3289 ergo
1451 3239 1557 3277 sinus
1575 3239 1636 3275 ille
1653 3249 1782 3275 versus
1808 3234 1867 3273 illi
1884 3233 2075 3273 velocitati
2094 3231 2390 3282 proportionalis

1346 3292 1461 3331 debet
1478 3289 1612 3342 augeri
1630 3289 1690 3327 vel
1707 3288 1834 3327 minui
1852 3287 1894 3326 in
1912 3285 2049 3326 eadem
2068 3285 2226 3325 ratione.

1401 3396 1553 3437 Verum
1571 3409 1619 3435 ex
1636 3395 1786 3435 actione
1806 3394 1843 3433 T
1863 3393 1911 3433 M
1931 3392 2046 3432 aliam
2065 3391 2282 3431 variationis
2300 3403 2389 3440 por-

1346 3452 1494 3491 tionem
1525 3449 1617 3493 oriri
1647 3447 1862 3488 ostenditur
1896 3448 2013 3496 Prop.
2054 3446 2247 3491 XXIX„
2282 3445 2388 3482 illam

1346 3513 1476 3544 autem
1496 3504 1710 3553 portionem
1726 3501 1839 3540 etiam
1860 3500 2033 3539 futuram
2054 3508 2098 3538 ut
2120 3500 2156 3538 T
2171 3499 2208 3536 K
2229 3504 2269 3544 ><
2295 3498 2327 3536 P
2345 3497 2387 3535 K

1346 3571 1415 3608 per
1441 3567 1520 3596 not.
1549 3561 1635 3595 114.
1667 3568 1757 3593 mox
1786 3554 2040 3606 adjiciendam
2069 3553 2266 3595 constabit,
2295 3562 2389 3601 ergo

1346 3621 1427 3651 tota
1446 3610 1604 3649 variatio
1623 3609 1694 3648 erit
1711 3615 1756 3647 ut
1776 3609 1813 3646 T
1831 3608 1870 3646 K
1890 3613 1931 3654 Χ
1955 3608 1990 3646 Ρ
2012 3607 2065 3650 Κ,
2086 3605 2176 3651 sive,
2196 3603 2237 3641 in
2256 3611 2389 3641 octan-

1346 3666 1461 3711 tibus,
1480 3672 1526 3702 ut
1543 3662 1734 3709 velocitas,
1762 3674 1879 3712 quare
1897 3667 2029 3698 manet
2049 3658 2165 3708 hujus
2187 3655 2389 3697 corollarii

1347 3719 1486 3758 veritas
1504 3717 1535 3756 si
1554 3723 1691 3768 agatur
1710 3716 1758 3754 de
1777 3716 1855 3754 tota
1875 3714 2092 3753 variatione.
