2540 4296
158 310 339 363 met
364 305 661 369 Tanos]
739 303 1138 357 PRINCIPIA
1180 302 1788 356 MATHEMATICA.
2207 315 2272 360 23

155 447 337 502 minuit
359 445 568 497 effectus
609 461 787 495 omnes
830 443 884 492 in
927 442 1179 511 aliquibus
1217 441 1433 504 casibus,
1477 442 1725 512 quantum
1751 454 1904 514 auget
1945 444 1999 494 in
2042 445 2182 508 aliis3
2222 457 2273 499 et

156 522 411 589 nodorum
453 543 619 584 motus
645 530 928 582 mediocres
955 530 1247 598 quaerimuS,
1289 530 1535 599 neglectis
1561 531 1849 582 istiusmodi
1874 531 2118 595 minutiis,
2159 551 2274 602 quae

157 623 408 676 calculum
434 621 583 671 nimis
607 618 910 687 impeditum
936 618 1229 668 redderent.

227 711 482 780 Designet
514 710 623 777 jam
663 699 709 758 P
737 706 800 757 M
841 724 1032 768 arcum,
1075 724 1229 775 quem
1256 705 1409 756 Luna
1446 706 1567 756 dato
1610 717 1840 775 tempore
1866 708 2022 778 quam
2061 710 2276 762 minimo

157 799 414 859 describit,
457 807 507 847 et
547 795 611 847 M
639 795 685 845 L
724 794 964 845 lineolam
990 795 1134 862 cujus
1160 793 1428 844 dimidium
1458 793 1628 856 Luna,
1668 794 1962 864 impellente
1987 798 2036 847 vi
2061 797 2274 866 praefatzi

160 896 190 939 3
217 887 244 939 Ι
272 886 338 948 Τ,
383 884 565 937 eodem
589 893 821 949 tempore
847 882 1136 933 describere
1160 891 1350 948 posset.
1428 879 1491 949 (¹¹)
1531 882 1564 933 J
1569 892 1826 951 ungantur
1853 883 1899 936 P
1926 885 1989 946 L,
2032 885 2096 937 M
2125 886 2185 947 P,
2226 897 2277 938 et

154 974 504 1044 producantur
531 990 605 1022 eae
643 970 708 1022 ad
744 989 798 1021 m
823 981 874 1022 et
897 970 931 1031 l,
975 970 1062 1020 ubi
1088 980 1259 1020 secent
1282 969 1495 1037 planum
1520 970 1768 1037 eclipticae
1783 989 1797 1031 ;
1836 971 1991 1040 inque
2019 973 2070 1025 T
2093 991 2146 1023 m
2185 973 2275 1026 de-

154 1066 384 1117 mittatur
407 1061 833 1132 perpendiculum
863 1061 905 1111 P
934 1060 1009 1112 H.
1063 1061 1132 1112 Et
1157 1059 1397 1129 quoniam
1424 1070 1562 1112 recta
1590 1059 1655 1112 M
1682 1060 1727 1110 L
1752 1061 1995 1128 parallela
2020 1073 2096 1114 est
2119 1064 2275 1131 plano

154 1155 428 1224 eclipticae3
466 1152 684 1221 ideoque
710 1169 828 1201 cum
854 1149 991 1201 recta
1030 1168 1082 1199 m
1108 1149 1124 1199 l
1163 1167 1277 1217 quae
1304 1149 1355 1198 in
1380 1148 1536 1216 plano
1561 1148 1650 1200 illo
1667 1151 1806 1217 jacet
1830 1167 2134 1202 concurrere
2171 1170 2276 1205 non

153 1252 337 1312 potest,
366 1251 416 1293 et
440 1251 613 1292 tamen
628 1240 804 1309 jacent
828 1238 909 1288 hae
936 1247 1088 1288 rectae
1114 1237 1167 1286 in
1192 1237 1347 1305 plano
1367 1238 1629 1289 communi
1655 1237 1703 1288 L
1724 1237 1788 1289 M
1812 1238 1855 1288 P
1875 1256 1928 1288 m
1947 1238 1993 1299 l;
2019 1240 2277 1306 parallelae

155 1341 306 1382 erunt
330 1330 412 1380 hae
437 1338 607 1390 rectae,
636 1338 687 1379 et
710 1336 986 1396 propterea
1010 1325 1192 1376 similia
1217 1336 1369 1376 erunt
1394 1326 1650 1396 triangula
1675 1325 1723 1376 L
1746 1324 1808 1378 M
1831 1327 1891 1389 P,
1920 1327 1938 1377 l
1962 1345 2015 1377 111
2038 1328 2098 1379 P.
2158 1329 2277 1380 Jam

155 1416 272 1470 cum
301 1417 365 1469 M
387 1417 432 1469 P
456 1435 509 1467 m
534 1412 600 1467 sit
624 1415 678 1465 in
703 1415 858 1482 plano
883 1414 1035 1477 orbiS,
1064 1415 1115 1464 in
1143 1432 1245 1483 quo
1271 1414 1423 1465 Luna
1448 1414 1503 1464 in
1528 1414 1643 1465 loco
1671 1415 1715 1466 P
1741 1415 2060 1478 movebatur,
2088 1416 2278 1468 incidet

153 1517 401 1577 punctum
424 1524 478 1557 m
502 1507 556 1557 in
580 1505 769 1557 lineam
808 1504 858 1555 N
885 1523 918 1554 n
956 1522 1050 1573 per
1075 1504 1212 1555 orbis
1237 1503 1372 1555 illius
1398 1504 1563 1555 nodos
1592 1504 1659 1567 N,
1686 1522 1722 1554 n
1747 1504 1970 1555 ductam.
2048 1504 2117 1556 Et
2151 1523 2277 1573 quo-

154 1679 210 1717 vis
220 1680 374 1731 obliqua
398 1678 496 1717 Solis
513 1679 539 1717 S
557 1678 603 1723 P,
628 1678 654 1716 S
670 1679 708 1716 R
727 1677 768 1716 in
786 1677 907 1726 ipsam
926 1690 1038 1728 agere
1057 1678 1183 1716 conci-

153 1733 293 1781 piatur,
313 1745 399 1783 quae
417 1732 458 1769 in
476 1732 572 1770 duas
596 1731 799 1776 dividatur,
820 1743 938 1768 unam
967 1730 1185 1779 parallelam

153 1785 264 1824 lineae
299 1786 325 1823 S
347 1786 394 1828 T,
430 1784 643 1822 secundum
674 1783 901 1821 directiones
932 1783 966 1820 P
988 1783 1037 1829 Y,
1075 1784 1113 1821 R.
1144 1784 1185 1821 X

153 1845 344 1888 agentem,
378 1837 534 1875 alteram
552 1838 644 1874 huic
662 1835 1016 1886 perpendicularem
1049 1849 1184 1875 secun-

151 1889 248 1928 dum
266 1890 490 1928 directiones
513 1890 546 1928 P
568 1890 603 1935 Ι,
629 1890 667 1927 R
684 1889 731 1936 13
751 1889 800 1926 de
819 1889 956 1926 effectu
977 1888 1033 1925 vis
1050 1902 1186 1927 secun-

152 1942 248 1981 dum
284 1943 509 1981 directiones
548 1942 583 1980 P
617 1943 666 1988 Y,
710 1943 748 1980 R
784 1942 825 1979 X
862 1942 1011 1992 agentis
1041 1942 1082 1979 in
1114 1944 1186 1981 hoc

151 1995 385 2044 problemate
416 2004 545 2034 actum
576 2003 660 2042 est3
702 1994 929 2033 directiones
961 1995 1049 2033 vero
1085 1996 1119 2033 P
1151 1996 1184 2041 Ι,

157 2049 196 2086 R
227 2049 243 2086 l
276 2061 358 2086 sese
388 2056 525 2087 mutuo
557 2056 831 2097 compensant3
861 2046 1051 2085 dividatur
1082 2048 1187 2086 enim

152 2114 283 2139 rursus
299 2102 355 2138 vis
376 2101 411 2139 P
433 2102 464 2147 Ι,
491 2102 529 2139 R
550 2101 571 2139 I
590 2101 631 2138 in
649 2101 745 2138 duas
763 2101 870 2146 vires,
891 2112 1010 2137 unam
1036 2102 1067 2138 P
1086 2101 1111 2146 i,

156 2154 195 2191 R
209 2154 222 2190 i
240 2153 449 2192 secundum
463 2154 620 2202 planum
634 2153 764 2191 orbitae
778 2153 922 2191 lunaris
935 2161 1112 2203 agentem

150 2204 314 2257 ideoque
332 2207 521 2245 nodorum
536 2206 763 2256 positionem
783 2219 861 2243 nou
879 2208 1109 2253 turbantem,

151 2259 307 2297 alteram
330 2259 364 2298 P
382 2273 421 2309 p,
445 2261 483 2298 R
502 2273 520 2296 r
538 2260 609 2309 ipsi
627 2259 1007 2309 perpendicularem;
1029 2261 1111 2297 haec

150 2311 340 2350 nodorum
358 2313 596 2362 positionem,
625 2312 806 2362 planique
824 2312 1110 2350 inclinationem

149 2364 312 2413 afficiet3
341 2365 408 2404 sed
425 2365 515 2403 cum
545 2365 594 2404 de
624 2365 731 2414 plani
748 2365 995 2403 inclinatione
1021 2366 1111 2403 hinc

149 2428 229 2454 non
246 2426 393 2469 agatur,
426 2431 581 2456 manere
599 2418 704 2467 plani
721 2417 1009 2456 inclinationem
1039 2418 1112 2455 fln-

149 2479 274 2520 gatur,
305 2471 434 2521 itaque
464 2471 520 2508 vis
553 2471 588 2509 P
618 2484 656 2519 p,
694 2471 732 2508 R
763 2471 776 2507 i
808 2471 903 2508 dum
935 2470 1113 2510 admovet

149 2531 292 2570 puncta
313 2523 347 2561 P
365 2531 404 2561 et
426 2525 464 2561 R
483 2523 531 2561 ad
549 2523 776 2572 eclipticam,
805 2523 921 2561 efficit
939 2531 984 2560 ut
1001 2524 1112 2561 nodis

149 2574 349 2613 viciniores
360 2575 560 2614 videantur
573 2589 640 2614 seu
659 2583 704 2614 ut
721 2575 810 2613 nodi
824 2588 955 2613 versus
969 2587 1112 2625 puncta

149 2626 369 2677 illamoveri
384 2636 621 2672 censeantur,
637 2626 911 2679 ideoqueactio
929 2629 969 2665 in
990 2642 1109 2678 punc-

149 2685 234 2718 tum
266 2679 302 2719 P
331 2680 450 2720 efficit
478 2689 523 2720 ut
550 2681 676 2720 nodus
707 2680 746 2719 N
773 2682 815 2719 in
841 2683 1111 2732 consequentia

148 2731 304 2780 feratur,
336 2742 376 2773 et
406 2734 505 2772 actio
522 2734 564 2772 in
582 2742 774 2784 punctum
797 2735 835 2772 R
854 2734 969 2772 efficit
987 2743 1031 2772 ut
1058 2736 1182 2774 nodus

149 2796 178 2825 n
207 2785 251 2824 in
280 2787 542 2829 antecedentia
569 2787 703 2831 fertur,
737 2786 914 2838 ideoque,
956 2788 1055 2826 Solis
1082 2790 1182 2828 actio

148 2837 302 2890 obliqua
331 2840 373 2877 in
406 2848 593 2889 punctum
632 2841 665 2878 P
693 2848 844 2879 motum
873 2842 1182 2893 retrogressivum

149 2890 244 2929 nodi
259 2900 396 2932 natum
414 2905 461 2932 ex
489 2893 525 2931 vi
555 2893 590 2932 P
612 2894 649 2932 Y
665 2893 847 2942 parallela
864 2893 976 2932 lineae
998 2896 1024 2932 S
1046 2895 1081 2933 T
1099 2903 1183 2933 tan-

149 2940 236 2983 tum
265 2945 409 2985 minuit
441 2946 633 2997 quantum
664 2947 797 2986 eadem
829 2947 928 2985 actio
955 2948 1109 2998 obliqua
1140 2949 1181 2986 in

149 3004 338 3044 punctum
373 2999 413 3037 R.
439 3006 557 3050 anget
573 3012 665 3038 eum
694 3009 845 3039 motum
869 3001 1180 3051 retrogressivum

150 3057 287 3090 natum
299 3063 350 3088 ex
369 3051 407 3089 vi
429 3052 469 3091 R.
490 3052 544 3090 X.

156 3153 166 3163 ·
203 3101 265 3153 (¹⁸)
286 3105 308 3127 ³*
331 3106 385 3148 Et
401 3106 453 3143 M
458 3106 497 3145 L
515 3107 691 3145 lineolam
708 3106 818 3156 cujus
835 3108 1034 3146 dimidium
1046 3108 1181 3154 Lum,

149 3156 363 3208 mpeuenoe,
386 3159 424 3197 oi
456 3163 480 3196 8
509 3161 539 3198 Ι
568 3160 605 3198 T
637 3158 864 3197 describeret
897 3167 1070 3208 tempore
1104 3173 1182 3210 quo

152 3204 270 3246 Luna
299 3220 432 3248 arcum
453 3210 487 3248 P
507 3210 555 3248 M
575 3219 835 3259 percurreret;
864 3213 1024 3250 assumit
1050 3215 1182 3263 utique

153 3257 380 3308 Newtonus,
398 3269 446 3301 nt
461 3262 517 3303 rei
533 3272 740 3313 conceptus
753 3264 900 3303 facilior
917 3265 996 3311 fiat,
1014 3265 1184 3305 actiones

151 3322 286 3351 omnes
313 3313 369 3353 vis
395 3318 422 3354 δ
443 3314 465 3353 1
489 3315 526 3355 T
559 3329 647 3368 quae
682 3317 858 3356 exercitae
893 3317 1053 3356 fuerunt
1087 3318 1184 3357 dum

150 3374 262 3425 arcus
282 3364 317 3402 P
337 3366 386 3406 M
400 3368 633 3415 percurritur
657 3371 774 3410 simul
798 3378 834 3409 et
858 3373 971 3409 semel
987 3373 1029 3410 in
1045 3373 1120 3410 loco
1149 3374 1187 3411 Ρ

150 3428 347 3466 noun-essa:
362 3431 450 3466 eux,
469 3420 598 3472 sieque
614 3429 766 3461 motum
786 3422 913 3461 Lunae
929 3436 979 3461 ex
999 3423 1035 3461 P
1052 3433 1180 3470 motoe,

151 3480 233 3507 esse
263 3471 520 3520 compositum
548 3485 598 3512 ex
629 3473 827 3514 velocitate
844 3475 1027 3526 acquisita
1045 3488 1182 3514 secun-

150 3519 247 3562 dum
264 3529 498 3574 tangentem,
531 3533 571 3564 et
587 3539 634 3565 ex
652 3527 852 3566 velocitate
880 3528 1020 3566 ultimo
1051 3528 1182 3579 genita

151 3584 238 3623 per„
255 3576 446 3614 actionem
481 3577 538 3615 vis
582 3583 605 3616 3
642 3579 667 3618 1
706 3581 744 3620 Τ
785 3589 964 3631 agentem
1010 3591 1180 3630 tempore

152 3627 291 3677 aequali
316 3628 375 3666 illi
402 3642 480 3680 quo
508 3630 733 3671 describitur
762 3645 873 3671 arcus
907 3633 943 3671 P
963 3633 1023 3680 M,
1053 3633 1108 3674 ita
1137 3642 1182 3674 ut

152 3676 272 3739 {aum
289 3690 470 3732 sequatur
488 3682 732 3734 diagonalem
750 3685 1095 3749 parallelogrammi
1113 3699 1180 3725 cu·

144 3742 214 3781 Ju-
230 3734 464 3777 uuumlatus
482 3735 530 3774 sit
551 3737 586 3774 P
602 3736 662 3782 M,
681 3736 850 3776 alterum
859 3749 950 3776 vero
1118 3751 1184 3778 um

152 3790 192 3822 et
218 3786 497 3839 aqualelinese
526 3788 659 3836 LM5
688 3788 779 3829 cum
811 3800 943 3830 autem
976 3791 1031 3829 vis
1054 3795 1083 3830 ὅ
1105 3791 1185 3831 ΙΤ

1239 1678 1380 1729 exiguo
1399 1678 1581 1727 temporis
1598 1678 1797 1716 intervallo
1807 1677 2034 1715 sensibiliter
2051 1691 2128 1715 non
2150 1688 2275 1717 mute-

1241 1739 1316 1777 tur,
1333 1738 1414 1769 toto
1430 1739 1602 1779 tempore
1615 1743 1693 1780 quo
1709 1730 1986 1769 describeretur
2004 1731 2144 1768 lineola
2166 1732 2201 1770 P
2214 1733 2275 1777 M,

1240 1797 1284 1822 ea
1303 1785 1358 1821 vis
1378 1796 1446 1833 pro
1463 1784 1646 1822 uniformi
1674 1783 1824 1821 adsumi
1843 1791 1976 1831 potest,
2006 1784 2095 1821 hinc
2114 1785 2174 1821 via
2191 1798 2278 1834 quae

1240 1837 1465 1875 describitur
1482 1849 1550 1885 per
1577 1836 1812 1873 velocitatem
1840 1836 2082 1874 uniformiter
2106 1849 2277 1875 crescen-

1240 1898 1318 1928 tem
1337 1893 1385 1928 ab
1403 1890 1448 1927 ea
1468 1892 1506 1926 vi
1525 1894 1550 1927 5
1566 1890 1582 1926 Ι
1608 1890 1644 1927 Τ
1664 1889 1833 1940 genitam
1854 1897 1910 1926 est
1929 1888 2088 1926 dimidia
2106 1890 2188 1940 ejus
2206 1891 2277 1927 viae

1239 1956 1326 1993 quae
1358 1943 1633 1980 describeretur
1663 1955 1731 1990 per
1763 1942 1938 1979 ultimam
1971 1942 2209 1979 velocitatem
2236 1943 2278 1980 in

1240 1997 1317 2033 fine
1335 1996 1516 2044 temporis
1547 1994 1581 2032 P
1602 1995 1648 2032 M
1667 1995 1850 2045 genitam,
1879 2002 1919 2032 et
1944 1994 2177 2032 uniformem
2196 2009 2279 2033 ma-

1241 2057 1398 2087 nentem
1417 2056 1497 2086 toto
1516 2056 1685 2097 tempore
1708 2045 1743 2087 P
1764 2048 1825 2092 M,
1855 2046 1961 2098 quod
1978 2046 2115 2086 eadem
2133 2049 2279 2087 ratione

1235 2737 1384 2787 probari
1416 2747 1539 2788 potest
1568 2753 1612 2778 ac
1643 2743 1847 2789 probatum
1882 2742 1959 2781 fuit
1994 2743 2042 2782 de
2078 2744 2274 2795 gravitatis

1235 2791 1383 2829 actione
1401 2804 1440 2830 n.
1463 2797 1528 2830 50.
1554 2793 1644 2831 Lib.
1669 2794 1703 2831 Ι.

1293 2844 1411 2888 Quod
1430 2845 1461 2882 si
1480 2846 1566 2896 quis
1583 2846 1736 2897 objiciat
1753 2846 1843 2886 hinc
1862 2847 1945 2886 fieri
1963 2856 2008 2887 ut
2024 2857 2214 2898 punctum
2235 2850 2270 2888 L

1236 2897 1337 2934 male
1368 2907 1611 2945 repraesentet
1638 2899 1767 2937 locum
1787 2900 1926 2947 Lunae,
1960 2910 1998 2940 et
2029 2902 2158 2940 locum
2188 2903 2271 2953 ejus

1237 2950 1419 2987 veriorem
1438 2951 1520 2989 fore
1537 2952 1579 2989 in
1597 2952 1726 2990 medio
1743 2953 1843 2991 inter
1863 2955 1911 2992 M
1929 2962 1968 2992 et
1989 2955 2036 3001 L,
2066 2955 2269 3004 responde-

1234 3016 1322 3040 mus
1348 3003 1580 3042 solutionem
1608 3006 1723 3056 hujus
1751 3006 1995 3056 problematis
2023 3021 2067 3045 ex
2096 3007 2143 3046 ea
2169 3009 2268 3058 posi-

1236 3056 1341 3094 tione
1361 3057 1488 3094 Lunae
1505 3058 1729 3109 neutiquam
1744 3059 1920 3108 pendere,
1942 3062 2023 3098 haec
2042 3061 2147 3098 enim
2163 3061 2270 3099 solu-

1237 3109 1291 3146 tio
1309 3108 1458 3148 duabus
1474 3118 1624 3149 constat
1642 3112 1823 3161 partibus,
1844 3113 1957 3161 priori
1977 3116 2156 3152 statuitur
2173 3117 2268 3152 ratio

1235 3170 1364 3200 motus
1382 3162 1572 3201 nodorum
1601 3164 1642 3201 in
1673 3164 1870 3214 quibusvis
1887 3166 2038 3215 punctis
2073 3167 2107 3204 P
2134 3167 2268 3204 orbitae

1234 3214 1392 3261 lunaris,
1431 3224 1469 3254 et
1503 3218 1584 3255 haec
1619 3218 1716 3255 ratio
1751 3217 1886 3257 eadem
1919 3228 1977 3257 est
2012 3219 2090 3257 sive
2125 3219 2267 3269 ubique

1235 3274 1409 3306 sumatur
1437 3275 1518 3308 tota
1547 3269 1596 3308 M
1616 3270 1652 3308 L
1680 3277 1749 3308 aut
1774 3270 1917 3321 ubique
1942 3272 2024 3322 ejus
2050 3271 2264 3316 dimidium.

1236 3319 1396 3358 dimidia
1423 3320 1527 3360 enim
1556 3330 1649 3360 sunt
1675 3323 1765 3361 totis
1791 3324 2109 3372 proportionalium
2138 3325 2179 3362 in
2207 3336 2266 3363 se-

1238 3371 1366 3410 cunda
1401 3374 1601 3413 solutionis
1629 3383 1736 3424 parte
1767 3375 2042 3415 determinatur
2075 3378 2268 3428 quantitas

1235 3424 1363 3463 motus
1379 3426 1570 3465 nodorum
1588 3427 1629 3464 in
1647 3428 1810 3479 syzygiis
1827 3429 1928 3478 ipsis,
1948 3438 2120 3478 respectu
2138 3428 2266 3467 motus

1237 3477 1364 3515 Lunae
1394 3478 1434 3515 in
1466 3478 1538 3517 sua
1554 3478 1689 3527 orbita,
1719 3489 1758 3518 et
1785 3482 1825 3518 in
1852 3481 1922 3519 hac
1952 3481 2267 3520 determinatione

1235 3530 1329 3567 nihil
1349 3530 1552 3570 deducitur
1569 3545 1616 3570 ex
1636 3533 1902 3583 magnitudine
1919 3533 2031 3572 lincae
2052 3533 2088 3572 L
2108 3534 2171 3580 M,
2199 3534 2266 3572 sed

1233 3590 1312 3620 tota
1337 3585 1420 3621 haec
1444 3584 1647 3623 solutionis
1672 3598 1758 3634 pars
1784 3585 1926 3634 pendet
1947 3597 1996 3625 ex
2023 3588 2267 3636 proportione

1233 3635 1352 3684 ipsius
1370 3637 1426 3672 vis
1444 3641 1469 3675 3
1488 3637 1503 3674 1
1527 3637 1563 3675 Τ
1580 3637 1630 3674 ad
1648 3638 1725 3675 vim
1738 3639 1986 3687 centripetam
2004 3639 2141 3684 Lunae,
2163 3640 2268 3678 unde

1236 3688 1368 3726 nullus
1384 3701 1489 3726 error
1497 3689 1730 3728 memendus
1746 3698 1803 3728 est
1820 3691 1861 3728 in
1880 3693 1952 3729 hoc
1962 3691 2111 3730 calculo
2128 3705 2176 3730 ex
2194 3691 2266 3731 hac

1237 3738 1333 3778 falsa
1358 3742 1620 3790 suppositione
1640 3743 1796 3782 Lunam
1825 3742 1868 3781 in
1897 3753 2043 3792 puncto
2062 3745 2098 3784 L
2115 3745 2266 3792 versari,

1237 3791 1329 3832 cum
1348 3793 1390 3831 in
1408 3793 1540 3834 medio
1557 3795 1657 3834 inter
1674 3795 1709 3835 L
1725 3802 1764 3835 et
1783 3796 1830 3835 M
1849 3796 2072 3837 collocanda
2088 3797 2234 3837 fuisset.
