2540 4296
154 302 338 354 LIBER
366 299 663 362 TERT1us.]
740 294 1142 349 PRINCIPIA
1183 293 1804 349 MATHEMATICA.
2263 310 2293 349 h

154 442 477 515 quadrantali
504 444 555 493 A
575 442 618 493 C
645 442 699 491 in
723 439 1000 509 particulas
1019 438 1318 490 innumeras
1338 440 1560 508 aequales
1591 440 1634 491 P
1653 458 1704 507 p,
1728 441 1821 491 διο.
1849 458 1943 508 per
1968 459 2094 509 quas
2121 459 2293 510 aequa-

150 534 224 585 les
242 532 456 584 totidem
472 529 739 599 particulae
758 527 1004 596 temporis
1024 527 1218 595 exponi
1237 527 1455 595 possint,
1478 528 1735 597 ductaque
1760 546 1795 596 p
1816 529 1849 578 k
1876 529 2293 597 perpendiculari

150 622 217 673 ad
246 622 290 673 C
319 621 385 682 T,
419 622 668 690 jungatur
695 617 746 669 T
773 617 828 669 G
852 617 976 686 ipsis
1017 617 1071 668 K
1099 617 1160 679 P,
1200 616 1236 667 k
1261 635 1296 684 p
1333 617 1600 684 productis
1626 637 1902 669 occurrens
1928 619 1982 669 in
2010 619 2054 670 F
2080 630 2131 670 et
2155 620 2183 670 f
2186 640 2201 681 3
2241 630 2293 673 et

149 711 246 762 erit
274 710 318 762 F
346 710 399 761 K
424 707 633 776 aequalis
661 706 711 757 T
740 705 809 768 K,
839 715 890 756 et
916 699 980 774 (b)
1012 706 1064 756 K
1090 706 1125 755 k
1152 705 1249 756 erit
1274 705 1340 755 ad
1369 705 1413 757 P
1443 706 1495 756 K
1523 717 1578 757 ut
1606 707 1651 758 P
1674 725 1710 775 p
1736 708 1802 758 ad
1830 708 1881 759 T
1905 726 1957 775 p,
1999 709 2058 776 (⁰)
2086 707 2187 759 hoc
2213 720 2291 761 est

148 799 202 849 in
242 799 360 849 data
402 796 618 858 ratione,
666 793 731 863 (d)
771 793 993 863 ideoque
1040 794 1084 845 F
1127 793 1179 845 K
1211 805 1252 845 Χ
1286 793 1339 844 Κ
1382 793 1419 843 k
1463 812 1553 845 seu
1598 812 1718 845 area
1761 796 1804 846 F
1847 796 1899 847 K
1939 796 1975 845 k
2014 795 2048 859 f,
2095 796 2192 847 erit
2232 807 2289 849 ut

151 883 575 939 3PK><TK

308 969 431 1021 ΤΡ

577 952 592 978 ,
619 914 674 965 id
700 923 793 977 est,
821 923 880 965 ut
908 914 954 965 E
982 913 1030 965 L
1045 933 1059 975 3
1099 922 1151 965 et
1177 912 1477 981 composite,
1506 932 1627 965 area
1651 923 1760 965 tota
1787 915 1838 966 G
1859 915 1904 966 C
1925 916 1975 966 K
1996 916 2039 967 F
2065 927 2121 968 ut
2147 935 2286 968 sum-

144 1079 231 1112 ma
268 1059 499 1111 omnium
542 1059 729 1110 virium
769 1058 816 1110 E
858 1059 906 1110 L
945 1067 1178 1126 tempore
1222 1067 1333 1109 toto
1374 1058 1419 1109 C
1466 1058 1512 1108 P
1548 1057 1915 1126 impressarum
1959 1060 2013 1109 in
2059 1061 2282 1124 Lunam,

144 1150 205 1218 (θ)
245 1159 399 1219 atque
424 1147 543 1200 ideo
569 1148 724 1200 etiam
748 1157 807 1198 ut
831 1146 1073 1199 velocitas
1100 1145 1198 1197 hac
1225 1146 1422 1197 summa
1449 1146 1639 1217 genita,
1680 1147 1734 1198 id
1761 1157 1852 1209 est,
1893 1158 1952 1199 ut
1984 1151 2286 1203 acceleratio

143 1238 502 1307 descriptionis
528 1256 662 1289 areae
692 1236 736 1288 C
764 1236 815 1287 T
843 1236 904 1299 P,
934 1255 1026 1287 seu
1050 1235 1426 1286 incrementum
1451 1236 1717 1287 momenti.

1795 1234 1849 1305 (f)
1879 1237 1971 1288 Vis
2005 1238 2104 1307 qua
2133 1241 2286 1292 Luna

141 1329 278 1381 circa
318 1328 540 1380 Terram
580 1326 930 1396 quiescentem
970 1324 1037 1376 ad
1077 1323 1375 1376 distantiam
1416 1324 1467 1376 T
1506 1324 1568 1387 P,
1612 1334 1847 1393 tempore
1888 1344 1981 1377 suo
2020 1329 2285 1395 periodico

195 1523 249 1575 (b)
283 1526 304 1547 ⁸³
336 1524 416 1561 ch
443 1524 512 1561 erit
537 1524 589 1560 ad
617 1524 782 1560 PKut
811 1523 890 1570 Pp
917 1522 968 1557 ad
1003 1521 1078 1569 Tp
1105 1518 1183 1556 sive

143 1576 181 1614 T
202 1577 237 1614 P
252 1592 263 1623 ς
294 1589 340 1613 ex
371 1573 569 1613 notissima
587 1574 721 1613 circuli
740 1573 969 1622 proprietate
987 1572 1074 1609 fluit
1102 1573 1183 1609 haec

140 1630 346 1679 proportio,
381 1641 470 1667 nam
500 1629 532 1665 si
559 1641 606 1665 ex
635 1635 778 1676 puncto
805 1641 830 1675 p
860 1627 1024 1664 ducatur
1042 1625 1184 1663 lineola

138 1695 165 1730 p
184 1696 208 1733 q
226 1682 552 1731 perpendicularis
570 1681 617 1718 ad
643 1681 675 1717 P
699 1681 751 1724 K,
784 1693 829 1717 ea
848 1680 918 1717 erit
936 1678 1119 1727 parallela
1146 1686 1185 1716 et

141 1736 298 1785 aequalis
326 1736 438 1772 lineae
469 1735 511 1772 K
539 1735 578 1780 k,
608 1734 912 1783 formabiturque
941 1731 1184 1782 triangulum

139 1788 348 1826 fluxionale
370 1789 404 1825 P
423 1802 449 1837 p
468 1801 492 1837 q
511 1787 634 1825 simile
662 1786 859 1835 triangulo
891 1786 926 1824 P
947 1785 989 1822 K
1012 1786 1059 1831 T,
1092 1797 1185 1822 nam

139 1840 228 1879 cum
247 1841 382 1891 anguli
401 1855 426 1890 p
449 1841 484 1878 P
506 1840 547 1878 K
568 1849 605 1878 et
624 1840 663 1877 K
688 1838 722 1877 P
745 1840 781 1877 T
798 1846 947 1878 rectum
966 1838 1083 1875 simul
1102 1838 1184 1875 effi-

139 1895 254 1941 ciant,
276 1902 315 1933 et
333 1895 472 1943 pariter
485 1893 620 1943 anguli
643 1893 684 1930 K
705 1894 738 1930 P
755 1893 791 1930 T
811 1901 850 1930 et
872 1893 906 1930 P
924 1892 960 1930 T
976 1891 1031 1935 K,
1054 1904 1183 1941 aequa-

138 1947 194 1985 les
212 1955 303 1985 sunt
320 1947 455 1997 anguli
482 1960 508 1995 p
530 1947 565 1986 P
588 1947 630 1984 K
658 1954 696 1984 et
727 1947 761 1983 P
783 1947 819 1984 T
842 1946 896 1992 K,
917 1945 1022 1983 unde
1041 1951 1097 1982 est
1114 1957 1140 1993 p
1158 1957 1182 1994 q

138 1999 874 2047 siveKkadPKuthadTP.

195 2054 250 2106 (⁰)
285 2057 307 2079 ¹*
331 2057 418 2093 Hoc
446 2062 499 2092 est
525 2056 567 2092 in
596 2051 686 2091 datii
713 2055 868 2092 ratione.
932 2051 1049 2090 Ratio
1076 2050 1182 2089 enim

142 2107 177 2145 P
194 2121 221 2156 p
250 2107 299 2145 ad
331 2107 367 2145 T
387 2120 413 2156 p
441 2114 498 2145 est
517 2107 616 2152 data,
647 2106 738 2155 quia
764 2106 928 2157 singulae
948 2113 1073 2154 partes
1104 2105 1139 2142 P
1156 2118 1182 2153 p

139 2168 350 2198 sumuntur
362 2160 539 2210 aequales,
561 2168 651 2197 sunt
662 2160 792 2210 itaque
806 2159 970 2211 singulae
988 2159 1030 2195 in
1049 2157 1183 2196 eadem

137 2213 284 2251 ratione
303 2214 353 2251 ad
370 2214 524 2251 radium
545 2214 581 2250 T
606 2213 650 2250 P.

192 2266 245 2318 (d)
269 2271 289 2291 *
308 2267 472 2318 Ide6que
491 2269 533 2306 F
548 2269 644 2312 ΚΧ
661 2268 740 2304 Kk
758 2280 825 2305 seu
843 2280 933 2304 area
952 2268 996 2306 F
1009 2266 1186 2318 kaut

137 2324 164 2358 5
185 2323 223 2358 P
239 2323 360 2423 KP}
391 2323 427 2359 T
441 2324 491 2399 ’ἶ
512 2349 603 2389 cnm
618 2351 716 2389 ratio
735 2351 776 2388 K
791 2351 819 2388 k
838 2351 887 2388 ad
906 2351 940 2389 P
959 2351 1000 2389 K
1020 2353 1068 2388 sit
1082 2349 1182 2397 data,

137 2437 228 2475 data
246 2439 361 2476 etiarn
381 2437 452 2475 erit
470 2436 568 2475 ratio
588 2437 630 2475 K
645 2437 672 2473 k
691 2436 741 2474 ad
760 2442 784 2475 3
803 2436 838 2474 P
855 2436 909 2483 K,
931 2444 970 2473 et
986 2437 1069 2473 haec
1087 2436 1185 2474 ratio

137 2491 309 2529 manebit
323 2491 535 2529 etiamnum
549 2490 638 2527 data
656 2488 685 2526 si
707 2502 946 2539 consequens
966 2495 988 2527 3
1005 2490 1040 2527 P
1059 2489 1099 2526 K
1117 2502 1184 2538 per

137 2544 390 2593 quantitatem
404 2550 643 2582 constantem
664 2544 700 2581 T
717 2543 752 2580 P
772 2542 985 2589 dividatur3
1006 2542 1078 2580 erit
1092 2555 1184 2593 ergo

138 2628 226 2667 data
244 2629 342 2667 ratio
362 2629 404 2668 K
423 2628 451 2667 k
469 2627 519 2667 ad
538 2596 698 2699 5TPPK,

137 2721 201 2751 tur
229 2715 311 2752 baec
335 2715 433 2753 ratio
462 2714 494 2752 si
526 2716 641 2752 ambo
669 2713 826 2753 termini
852 2725 921 2762 per
951 2712 1182 2763 quantitates

138 2767 304 2818 aequales
325 2768 360 2806 F
381 2768 423 2807 K
443 2775 482 2806 et
503 2769 539 2806 T
561 2768 602 2805 K
621 2766 941 2824 multiplicentur,
973 2779 1066 2817 ergo
1083 2766 1181 2803 ratio

139 2852 281 2901 Kk><
301 2819 1180 2922 ΕΚ(5ειιεῑιι·ι“,εε314“Κ1ςέ)ειᾱ-5-1-3-1-(ΊΤΧ13ζ-Γ-Ιξ

136 2945 194 2976 est
221 2938 337 2977 etiam
364 2939 465 2986 data,
494 2941 569 2977 hoc
595 2946 666 2986 est,
695 2945 753 2977 est
781 2950 870 2976 area
905 2937 939 2976 F
969 2938 1010 2976 K
1039 2938 1067 2975 k
1095 2938 1116 2974 f
1138 2945 1183 2976 ut

136 2995 162 3028 5
185 2991 220 3030 Ρ
241 2992 282 3030 Κ
306 2997 347 3038 ><
373 2994 410 3032 Τ
431 2993 474 3031 K

264 3056 300 3094 T
321 3057 356 3094 P
475 3052 487 3064 ⁶

193 3107 250 3158 (ε)
269 3111 290 3133 *
306 3112 434 3161 Atque
446 3111 524 3151 ideo
537 3115 650 3152 etiam
660 3121 705 3152 ut
716 3114 884 3152 velocitas
900 3114 982 3162 (13.
998 3112 1085 3149 Lib.
1102 3111 1175 3159 1.).

192 3160 244 3213 (f)
267 3164 286 3184 ⁰
318 3165 377 3201 Vis
404 3163 483 3215 quei
501 3168 622 3205 Luna
650 3168 750 3205 circa
776 3169 935 3205 Terram
961 3168 1012 3204 ad
1038 3168 1181 3203 distan-

137 3215 231 3252 tiam
258 3217 295 3253 T
311 3217 350 3254 Ρ
365 3223 532 3268 tempore
545 3233 612 3258 suo
625 3221 814 3269 periodica
837 3222 870 3258 C
879 3221 916 3257 A
931 3221 975 3258 D
990 3222 1030 3258 B
1047 3220 1182 3257 revolvi

133 3275 269 3316 posset,
298 3270 457 3320 efficeret
482 3279 528 3310 ut
555 3285 689 3322 corpus
707 3271 815 3311 libert?
835 3275 999 3311 cadendo
1019 3279 1182 3321 tempore

142 3322 175 3358 C
196 3323 233 3359 T
260 3323 477 3363 describeret
507 3327 779 3374 longitudinem
809 3324 838 3376 ἑ
869 3327 903 3365 C
931 3327 974 3369 T,
1008 3325 1078 3362 &c.
1141 3323 1182 3362 Si

139 3384 279 3421 corpus
290 3383 448 3424 gyretur
460 3376 502 3414 in
516 3377 661 3415 circulo
675 3390 744 3427 per
756 3377 833 3415 vim
849 3376 896 3415 ad
910 3378 993 3428 ejus
1007 3384 1182 3415 centrum

138 3425 374 3473 tendentem,
394 3429 564 3476 primum
582 3430 826 3468 uniformiter
842 3430 1051 3481 girabitur;
1080 3437 1179 3476 tum,

138 3477 370 3528 quadratum
401 3481 511 3519 arcus
537 3483 673 3532 quovis
700 3490 874 3532 tempore
901 3482 1080 3530 descripti
1108 3483 1182 3521 erit

138 3532 286 3582 aequale
322 3533 456 3571 circuli
491 3534 679 3573 diametro
715 3535 831 3574 ducto
863 3537 904 3572 in
937 3535 1181 3574 altitudinem

138 3597 256 3634 quam
275 3598 414 3635 corpus
426 3586 546 3626 libere
563 3587 736 3626 cadendo
753 3596 926 3637 tempore
940 3588 1076 3627 eodem
1095 3601 1182 3637 per-

139 3646 308 3677 curreret
343 3638 374 3676 si
410 3639 655 3678 uniformiter
675 3642 966 3689 ,acceleraretur
1000 3653 1068 3690 per
1104 3641 1183 3679 vim

136 3690 384 3740 centripetam
404 3691 483 3743 qua
500 3693 669 3731 circulus
685 3693 921 3733 describitur.

195 3743 301 3782 Nam
314 3745 346 3782 si
360 3754 535 3784 sumatur
549 3759 659 3784 arcus
672 3745 790 3796 quam
803 3747 1001 3793 minimus,
1018 3746 1182 3785 altitudo

138 3810 225 3848 quae
242 3809 311 3846 per
328 3798 406 3836 vim
425 3799 635 3839 centra-lem
653 3798 771 3839 libere
784 3807 1067 3848 percurre-retur
1084 3799 1180 3840 dum

728 2627 895 2679 denique
913 2640 993 2665 non
1014 2627 1181 2665 mutabi-

1235 1517 1303 1555 ille
1321 1530 1432 1556 arcus
1451 1516 1754 1567 quamminimus
1774 1518 2063 1567 describeretur,
2084 1522 2183 1560 foret
2202 1523 2286 1573 ejus

1237 1570 1348 1608 arcus
1366 1571 1517 1608 minimi
1533 1573 1640 1609 sinus
1658 1585 1813 1619 versus3
1835 1573 1902 1610 sed
1922 1586 1965 1610 ex
1988 1572 2127 1612 natura
2138 1576 2283 1622 circuli,

1237 1624 1385 1662 factum
1410 1624 1587 1662 diametri
1615 1624 1722 1662 ducti
1753 1626 1795 1663 in
1820 1626 1949 1663 sinum
1977 1640 2130 1665 versum
2160 1629 2283 1675 arcsiS,

1239 1685 1296 1715 est
1327 1678 1475 1727 aequale
1507 1677 1695 1727 quadrato
1724 1679 1879 1716 chordae
1911 1679 2017 1718 illius
2049 1680 2172 1727 arcus,
2208 1683 2286 1720 sive

1238 1731 1425 1780 quadrato
1444 1730 1554 1768 arcus
1572 1731 1694 1779 ipsius
1720 1731 1753 1768 si
1780 1731 1877 1769 adeo
1895 1733 1944 1770 sit
1962 1734 2127 1785 exiguus
2155 1743 2198 1773 ut
2217 1749 2286 1785 pro

1238 1782 1311 1822 sua
1329 1782 1474 1822 chorda
1492 1785 1593 1821 sumi
1612 1785 1742 1832 possit.

1296 1837 1427 1886 spatia
1444 1835 1535 1875 vero
1555 1837 1675 1875 libere
1694 1837 1867 1876 cadendo
1886 1851 1954 1887 per
1971 1840 2050 1878 vim
2078 1842 2284 1880 uniformi-

1237 1897 1295 1928 ter
1330 1890 1608 1928 accelerantem
1645 1890 1845 1940 descripta,
1894 1900 1986 1930 sunt
2021 1901 2067 1932 ut
2102 1896 2288 1945 quadrata

1237 1951 1473 1992 temporum,
1503 1956 1615 1982 arcus
1642 1943 1733 1982 verb
1759 1947 1906 1983 interea
1924 1947 2097 1995 percursi
2125 1956 2216 1987 sunt
2243 1957 2288 1987 ut

1236 2004 1421 2045 tempora,
1443 1997 1535 2046 quia
1553 2009 1693 2046 corpus
1710 1997 1899 2036 uniformi
1919 1999 2113 2038 celeritate
2125 2003 2284 2051 giratur,

1236 2063 1329 2100 ergo
1356 2050 1524 2098 spatium
1543 2050 1752 2088 minimum
1772 2064 1840 2100 per
1865 2052 1942 2089 vim
1972 2054 2221 2102 centripetam
2240 2056 2286 2092 li-

1236 2102 1326 2141 bere
1360 2103 1594 2152 descriptum
1627 2111 1684 2141 est
1715 2103 1765 2142 ad
1794 2105 1899 2143 aliud
1928 2106 2090 2155 quodvis
2119 2109 2287 2155 spatium

1238 2169 1307 2205 per
1334 2157 1511 2194 eamdem
1530 2157 1607 2193 vim
1637 2158 1896 2208 centrifugam
1914 2158 2033 2197 libere
2052 2159 2287 2209 descriptum

1241 2208 1426 2261 (ideoque
1453 2210 1569 2247 etiam
1588 2210 1690 2248 facta
1707 2212 1848 2248 horum
1868 2211 2080 2259 spatiorum
2107 2227 2177 2262 per
2204 2214 2287 2252 dia-

1238 2270 1406 2301 metrum
1422 2263 1576 2313 circuli)
1593 2271 1685 2301 sunt
1703 2272 1749 2301 ut
1766 2264 1951 2314 quadrata
1965 2278 2125 2303 arcuum
2143 2279 2287 2305 corres-

1237 2316 1499 2365 pondentibus
1517 2317 1756 2365 temporibus
1770 2318 2046 2366 descriptorum
2062 2334 2070 2356 z
2095 2321 2161 2357 sed
2180 2321 2288 2368 prius

1238 2369 1387 2407 factum
1408 2378 1464 2407 est
1483 2370 1632 2420 aequale
1649 2370 1836 2421 quadrato
1855 2370 1967 2409 arcus
1985 2374 2286 2421 corresponden-

1238 2423 1300 2468 tis,
1323 2435 1417 2474 ergo
1435 2431 1473 2461 et
1491 2424 1657 2460 alterum
1675 2423 1823 2462 factum
1842 2424 1914 2462 erit
1932 2426 2080 2474 aequale
2099 2426 2287 2475 quadrato

1238 2475 1349 2514 arcus
1367 2476 1709 2525 correspondentiS,
1738 2479 1812 2515 hoc
1830 2485 1886 2515 est
1903 2478 2068 2516 altitudo
2086 2492 2285 2528 quaecum-

1238 2542 1314 2579 que
1333 2529 1506 2568 cadendo
1520 2528 1639 2567 libere
1655 2529 1845 2579 descripta
1863 2531 1904 2568 in
1923 2531 2155 2569 diametrum
2169 2532 2286 2571 ducta

1238 2582 1356 2621 efficit
1373 2583 1521 2620 factum
1540 2583 1689 2633 aequale
1703 2583 1891 2634 quadrato
1909 2583 2020 2622 arcfis
2035 2585 2172 2623 eodem
2186 2593 2284 2624 tem-

1236 2647 1328 2683 pore
1346 2635 1577 2673 revolvendo
1596 2636 1840 2673 uniformiter
1857 2637 2039 2685 percursi.

1294 2688 1415 2732 Quod
1446 2687 1537 2726 cum
1570 2689 1623 2726 ita
1655 2689 1716 2735 sit,
1749 2688 1861 2727 cadat
1892 2690 2011 2728 libere
2044 2704 2183 2740 corpus
2215 2705 2284 2741 per

1233 2740 1261 2791 ξ
1284 2742 1315 2779 C
1330 2741 1377 2785 T,
1394 2742 1431 2778 h.
1456 2754 1488 2779 e.
1512 2754 1581 2790 per
1598 2741 1694 2778 radii
1712 2741 1919 2788 semissem,
1940 2742 2181 2794 duceturque
2200 2747 2282 2784 haec

1234 2794 1442 2845 longitudo
1477 2807 1546 2843 per
1577 2794 1809 2832 diametrum
1842 2808 1910 2832 seu
1945 2800 1968 2832 2
2000 2797 2032 2835 C
2064 2797 2101 2835 T
2134 2798 2281 2836 factum

1241 2848 1273 2886 C
1295 2849 1332 2886 T
1350 2849 1368 2869 2
1401 2847 1479 2885 sive
1504 2846 1734 2897 quadratum
1763 2848 1883 2896 ipsius
1910 2848 2005 2886 radii
2035 2851 2182 2900 aequale
2210 2853 2282 2890 erit

1236 2900 1422 2950 quadrato
1458 2900 1569 2938 arcus
1604 2900 1740 2938 eodem
1778 2910 1949 2950 tempore
1981 2902 2171 2952 descripti,
2211 2905 2282 2943 erit

1236 2967 1329 3004 ergo
1357 2954 1390 2991 is
1418 2966 1529 2991 arcus
1547 2953 1705 3003 aequalis
1734 2954 1841 2992 radio
1876 2956 1907 2993 C
1931 2956 1978 3002 T,
2010 2957 2076 2994 sed
2101 2958 2280 2996 velocitas

1235 3008 1419 3057 acquisita
1433 3005 1551 3045 libere
1564 3006 1737 3045 cadendo
1751 3020 1818 3056 per
1830 3008 1925 3045 radii
1941 3010 2135 3047 semissem
2152 3011 2177 3062 ἦ
2193 3012 2225 3050 C
2243 3012 2280 3050 T

1235 3060 1322 3097 talis
1341 3068 1398 3098 est
1415 3068 1460 3098 ut
1479 3073 1617 3107 corpus
1635 3061 1827 3098 movendo
1854 3062 2097 3100 uniformiter
2115 3062 2162 3101 ea
2180 3065 2276 3102 cele.

1233 3114 1347 3151 ritate
1373 3111 1559 3164 acquisita
1577 3112 1742 3162 duplum
1770 3114 1853 3164 ejus
1879 3114 2095 3153 altitudinis
2112 3117 2276 3164 radium,

1236 3176 1376 3215 nempe
1394 3166 1592 3217 integrum
1615 3167 1647 3204 C
1669 3167 1706 3204 T
1724 3168 1859 3205 eodem
1878 3175 2050 3216 tempore
2068 3168 2277 3209 describere

1234 3227 1373 3268 posset,
1393 3232 1481 3269 quae
1495 3227 1552 3256 est
1565 3220 1647 3268 ipsa
1661 3219 1864 3271 longitudo
1883 3220 1992 3259 arcfis
2004 3235 2120 3272 quam
2140 3236 2278 3272 corpus

1236 3272 1480 3310 uniformiter
1506 3272 1704 3310 revolvens
1731 3273 1988 3322 descripsisset
2014 3274 2149 3313 eodem
2179 3284 2276 3314 tem-

1235 3337 1352 3373 pore3
1381 3338 1474 3375 ergo
1493 3325 1672 3363 velocitas
1698 3326 1884 3376 acquisita
1902 3327 2012 3375 lapsu
2042 3341 2110 3376 per
2137 3328 2164 3379 ἦ
2186 3330 2218 3368 C
2241 3330 2278 3368 T

1238 3390 1283 3415 ea
1301 3385 1358 3415 est
1377 3375 1456 3427 qua
1474 3390 1613 3427 corpus
1632 3378 1674 3414 in
1693 3381 1784 3416 orbe
1803 3392 1875 3417 suo
1892 3380 2112 3418 revolvitur.

1291 3431 1355 3469 Ea
1391 3431 1559 3481 denique
1594 3431 1799 3481 longitudo
1835 3432 1862 3483 ἑ
1897 3433 1930 3471 C
1966 3434 2003 3471 T
2033 3443 2277 3481 pei-curretur

1235 3491 1407 3531 tempore
1425 3483 1530 3533 quod
1549 3484 1619 3522 erit
1646 3484 1694 3523 ad
1723 3492 1849 3522 totum
1867 3493 2020 3534 tempus
2037 3486 2276 3533 periodicum

1234 3543 1281 3574 ut
1316 3537 1348 3574 C
1379 3537 1415 3574 T
1446 3536 1496 3574 ad
1525 3536 1873 3575 circumferentiam
1910 3538 1942 3576 C
1965 3538 2004 3575 A
2037 3539 2078 3576 D
2099 3539 2150 3585 B,
2185 3554 2276 3579 nam

1235 3597 1407 3638 tempora
1425 3596 1516 3627 sunt
1533 3596 1579 3627 ut
1595 3602 1706 3628 arcus
1724 3590 1969 3628 uniformiter
1986 3590 2188 3641 descripti3
2209 3594 2276 3632 sed

1236 3649 1401 3691 tempus,
1417 3654 1496 3692 quo
1510 3655 1649 3691 corpus
1661 3655 1729 3692 per
1743 3642 1772 3693 ἧς
1790 3643 1822 3680 C
1841 3644 1877 3681 T
1892 3643 2043 3688 labitur,
2058 3653 2116 3683 est
2129 3647 2277 3697 aequale

1236 3695 1400 3744 tempori
1413 3707 1491 3746 quo
1508 3708 1620 3733 arcus
1634 3695 1792 3746 aequalis
1813 3696 1846 3735 C
1864 3697 1901 3735 T
1918 3697 2164 3746 percurritur,
2185 3712 2277 3751 ergo

1236 3755 1294 3784 est
1312 3748 1412 3785 illud
1431 3756 1585 3797 tempus
1602 3747 1651 3786 ad
1669 3756 1795 3786 totum
1811 3757 1965 3798 tempus
1976 3750 2212 3798 periodicum
2232 3761 2277 3792 ut

1239 3801 1271 3839 C
1294 3801 1330 3840 T
1347 3801 1397 3839 ad
1414 3807 1534 3840 totam
1554 3801 1806 3851 peripheriam
1830 3803 1863 3841 C
1885 3803 1922 3840 A
1947 3803 1988 3841 D
2011 3804 2059 3842 B.
