2540 4296
307 294 405 340 108
805 283 1371 339 PHILOSOPHIAE
1411 281 1864 364 NATURALIS
1898 275 1900 277 ’
1938 284 2056 348 [DE
2076 281 2280 334 MUND.
2304 282 2452 335 SYsT.

303 432 514 503 regione
543 433 650 484 Soli
677 429 931 499 opposita.
1011 431 1073 499 (²)
1124 431 1338 481 Summa
1361 424 1550 479 virium
1586 437 1663 480 est
1688 428 1755 478 ad
1780 427 1885 478 vim
1922 427 2186 497 gravitatis
2224 435 2282 478 ut
2323 434 2346 477 1
2389 425 2455 477 ad

307 526 605 572 12868200.
682 520 754 570 Et
779 519 1028 588 quoniam
1051 517 1128 569 vis
1155 517 1336 569 eadem
1365 515 1589 566 eundem
1615 516 1714 566 ciet
1738 524 1955 577 motum,
1984 514 2089 566 sive
2115 533 2174 565 ea
2200 514 2455 583 deprimat

303 630 489 681 aquam
516 611 571 660 in
599 608 899 680 regionibus
927 625 1045 677 quae
1075 593 1152 659 '90
1188 605 1437 676 gradibus
1464 604 1656 655 distant
1681 623 1712 655 a
1741 604 1877 666 Sole,
1919 603 2024 654 sive
2050 602 2212 654 elevet
2238 604 2453 655 eandem

301 701 355 752 in
381 699 681 771 regionibus
709 699 805 750 sub
835 697 955 751 Sole
982 707 1034 749 et
1063 697 1173 750 Soli
1200 695 1467 767 oppositis,
1505 695 1619 746 haec
1645 714 1844 746 summa
1870 695 1967 746 erit
1991 704 2098 746 tota
2129 694 2261 746 Solis
2286 695 2361 746 vis
2388 695 2455 746 ad

300 809 442 841 mare
468 788 769 859 agitandum
784 808 797 849 3
827 798 877 839 et
904 787 1125 838 eundem
1149 785 1362 836 habebit
1387 779 1642 847 effe‘ctum,
1671 802 1731 835 ac
1757 784 1799 834 si
1824 793 1932 835 tota
1956 785 2010 833 in
2036 783 2331 853 regionibus
2358 784 2453 835 sub

305 877 425 929 Sole
452 886 504 927 et
533 875 921 944 Soli-oppositis
940 893 1083 926 mare
1110 874 1350 935 elevaret,
1378 873 1431 922 in
1457 871 1755 941 regionibus
1781 881 1951 922 autem
1969 889 2086 941 quae
2114 879 2180 922 90
2207 869 2453 942 gradibus

301 966 493 1017 distant
520 985 551 1016 a
578 965 715 1028 Sole,
744 965 818 1015 nil
844 974 1036 1035 ageret.

375 1057 513 1109 Haec
540 1066 617 1108 est
641 1056 715 1107 vis
746 1056 880 1107 Solis
906 1056 972 1107 ad
997 1074 1140 1107 mare
1166 1055 1408 1107 ciendum
1433 1055 1487 1105 in
1511 1054 1628 1105 loco
1653 1054 1834 1124 quovis
1860 1053 1998 1116 dam,
2035 1054 2125 1105 ubi
2154 1053 2242 1105 Sol
2269 1062 2374 1103 tam
2398 1051 2453 1100 in

298 1146 490 1197 vertice
515 1145 878 1196 loci·x⁷ersatur
903 1141 1059 1213 quam
1082 1144 1137 1193 in
1161 1143 1412 1195 mediocri
1437 1142 1528 1194 sua
1566 1140 1805 1194 distantia
1831 1161 1862 1192 a
1888 1141 2071 1193 Terra.
2149 1142 2210 1211 (a)
2252 1142 2315 1195 In
2342 1140 2454 1192 aliis

303 1236 437 1287 Solis
464 1234 807 1303 positionibus
834 1233 909 1284 vis
937 1232 1003 1283 ad
1028 1250 1172 1283 mare
1210 1231 1551 1283 attollendum
1577 1241 1654 1282 est
1679 1242 1736 1282 ut
1762 1230 1901 1281 sinus
1927 1248 2103 1281 versus
2130 1230 2302 1298 duplae
2340 1229 2453 1279 alti-

298 1324 492 1377 tudinis
517 1323 651 1376 Solis
679 1340 835 1391 supra
853 1320 1178 1373 horizontem
1193 1320 1296 1372 loci
1316 1318 1507 1371 directe
1534 1329 1583 1370 et
1609 1319 1771 1371 cubus
1792 1318 2048 1369 distantiae
2069 1318 2202 1369 Solis
2228 1337 2259 1369 a
2285 1315 2451 1368 Terra

301 1412 520 1466 inverse.

373 1504 536 1555 Corol.
568 1499 705 1554 Cum
720 1501 797 1553 vis
815 1501 1102 1573 centrifuga
1119 1501 1344 1570 partium
1366 1500 1549 1552 Terrae
1575 1518 1605 1550 a
1633 1499 1823 1550 diurno
1844 1498 2028 1549 Terrae
2046 1506 2190 1547 motu
2212 1495 2450 1552 oriunda,

300 1611 419 1662 quae
445 1602 523 1644 est
547 1593 614 1644 ad
639 1592 743 1644 vim
769 1592 1036 1664 gravitatis
1062 1600 1121 1642 ut
1149 1598 1172 1641 1
1207 1590 1273 1642 ad
1300 1596 1423 1654 289,
1452 1590 1638 1642 efficiat
1661 1599 1720 1642 ut
1746 1588 1963 1641 altitudo
1990 1607 2139 1659 aquae
2165 1590 2261 1640 sub
2278 1606 2452 1660 aequa-

299 1691 414 1732 tore
467 1690 677 1749 superet
722 1682 833 1750 ejus
878 1678 1205 1731 altitudinem
1250 1678 1346 1729 sub
1386 1678 1520 1746 polis
1561 1677 1804 1729 mensurii
1845 1676 2038 1745 pedum
2084 1676 2452 1728 Parisiensium

303 1777 443 1826 8547
450 1778 500 1834 2,
529 1782 588 1822 ut
613 1790 769 1839 supra
793 1772 845 1821 in
875 1771 1033 1839 Prop.
1057 1770 1243 1830 XIX.;
1272 1770 1347 1820 vis
1376 1770 1554 1820 solaris
1581 1769 1647 1820 de
1666 1768 1766 1839 qua
1787 1769 2002 1839 egimus,
2034 1766 2153 1820 esim
2180 1769 2245 1819 sit
2264 1769 2331 1820 ad
2348 1769 2453 1819 vim

301 1862 567 1932 gravitatis
593 1872 651 1912 ut
679 1869 701 1912 1
736 1861 803 1912 ad
834 1867 1132 1922 12868200,
1162 1869 1315 1928 atque
1341 1856 1459 1910 ideo
1485 1857 1552 1909 ad
1579 1859 1682 1909 vim
1708 1858 1849 1925 illam
1888 1857 2227 1928 centrifugam
2254 1850 2319 1908 ut
2345 1864 2448 1909 289

304 1952 370 2003 ad
403 1958 684 2004 12868200
713 1969 802 2002 seu
834 1958 856 2001 1
891 1951 958 2002 ad
984 1954 1178 2011 44527‚
1220 1948 1284 2016 (b)
1314 1947 1499 1999 efficiet
1536 1957 1595 1998 ut
1631 1946 1849 1999 altitudo
1875 1952 2039 2015 aq‘uae.
2062 1946 2115 1995 in
2151 1945 2450 2015 regionibus

302 2040 399 2093 sub
431 2042 552 2093 Sole
580 2053 631 2093 et
658 2041 767 2094 Soli
794 2041 1045 2110 oppositis
1071 2049 1280 2107 superet
1306 2036 1629 2089 altitudinem
1655 2040 1764 2107 ejus
1791 2039 1845 2088 in
1871 2037 2013 2100 locis,
2043 2055 2158 2106 quae
2184 2045 2252 2089 90
2278 2036 2446 2106 gradi·

295 2121 392 2172 bus
421 2122 613 2173 distant
650 2143 680 2173 a
721 2123 857 2185 Sole,
898 2123 1138 2175 mensura
1166 2122 1369 2175 tantum
1393 2124 1539 2192 pedis
1566 2125 1718 2175 unius
1748 2124 2050 2176 Parisiensis
2089 2135 2140 2174 et
2171 2124 2449 2195 digitorum

295 2211 539 2263 undecim
568 2230 687 2262 cum
706 2211 966 2264 tricesima
982 2222 1129 2281 parte
1157 2213 1320 2283 digiti.
1382 2214 1485 2265 Est'
1503 2214 1639 2264 enim
1664 2214 1777 2265 haec
1796 2232 2037 2265 mensura
2063 2214 2128 2264 ad
2154 2200 2449 2268 mensuram

293 2301 488 2370 pedum
518 2306 692 2355 85472
720 2311 778 2352 ut
808 2308 830 2351 1
864 2301 932 2352 ad
959 2307 1153 2356 44527.

350 2442 410 2494 (²)
434 2446 455 2467 ⁹⁴⁶
472 2446 632 2482 Summa
648 2445 791 2482 virium
809 2451 867 2481 est
885 2444 935 2481 ad
952 2445 1031 2481 vim
1046 2444 1240 2495 gravitatis
1259 2453 1303 2483 ut
1324 2451 1347 2484 3
1406 2451 1466 2485 14.
1503 2448 1618 2496 Prop.
1652 2447 1818 2486 LXVI.
1850 2447 1938 2485 Lib.
1965 2447 2024 2496 Ι.)
2054 2446 2287 2484 considerari
2315 2446 2447 2497 itaque

295 2495 343 2533 ad
363 2501 576 2535 58604600
596 2497 673 2534 sive
691 2505 737 2534 ut
757 2502 773 2534 1
800 2497 850 2534 ad
872 2502 1092 2536 12868200.
1401 2501 1540 2549 poterit
1566 2501 1621 2538 vis
1652 2501 1749 2538 Solis
1777 2500 1825 2537 ad
1853 2513 1957 2538 mare
1984 2500 2238 2538 attollendum
2266 2508 2311 2538 ut
2338 2501 2448 2539 sinus

1401 2566 1532 2590 versus
1551 2553 1681 2602 duplae
1707 2553 1921 2592 altitudinis
1943 2553 2041 2591 Solis
2068 2553 2184 2602 supra
2208 2554 2445 2591 horizontem

351 2604 406 2656 (²)
439 2608 459 2629 ⁴⁵
481 2608 533 2644 In
552 2608 636 2644 aliis
655 2608 746 2644 Solis
761 2608 1017 2655 positionibus.
1081 2606 1173 2644 Hac
1193 2607 1228 2643 vi
1247 2620 1346 2657 aqua
1400 2605 1475 2645 loci
1507 2606 1649 2645 directe
1680 2614 1718 2645 et
1750 2609 1873 2645 cubus
1909 2607 2098 2644 distantiae
2138 2607 2238 2645 Solis
2268 2620 2292 2644 a
2326 2605 2446 2646 Terra

294 2658 463 2696 maxime
477 2659 705 2706 deprimitur
719 2660 786 2696 ubi
811 2660 875 2697 Sol
890 2669 1062 2697 versatur
1077 2660 1117 2696 in
1135 2661 1342 2706 horizonte,

294 2719 332 2748 et
351 2711 521 2749 maxime
539 2712 709 2749 elevatur
727 2712 794 2749 ubi
821 2712 886 2750 Sol
906 2713 947 2749 in
966 2714 1106 2750 vertice
1125 2714 1199 2750 loci
1219 2726 1342 2750 versa-

294 2772 369 2801 tur.
416 2765 624 2812 Depressio
636 2772 765 2802 autem
786 2773 825 2803 et
844 2766 1005 2803 elevatio
1018 2779 1205 2816 aquarum
1220 2766 1344 2816 magis

294 2830 338 2854 ac
367 2818 490 2867 magis
509 2818 691 2855 decrescit
709 2831 787 2867 quo
814 2819 928 2856 altius
955 2820 1020 2856 Sol
1040 2819 1209 2857 ascendit
1227 2818 1343 2867 supra

296 2871 549 2915 horizontem,
578 2879 648 2908 aut
674 2885 697 2908 a
723 2872 862 2909 vertice
882 2872 1088 2909 descendit.
1152 2873 1344 2909 Praeterea

295 2924 378 2961 haec
398 2924 590 2972 depressio
611 2932 678 2961 aut
696 2924 857 2961 elevatio
875 2925 975 2962 circa
992 2925 1147 2962 initium
1167 2933 1205 2961 et
1223 2925 1341 2962 finem

294 2976 452 3021 lentum,
468 2976 569 3014 circa
585 2977 758 3014 medium
774 2976 862 3015 vero
873 2977 1035 3015 celerius
1048 2977 1256 3021 minuitur;
1278 2978 1344 3015 sed

295 3031 380 3067 haec
407 3032 634 3079 contingent
661 3032 872 3068 successiva
893 3042 1080 3080 aquarum
1107 3032 1344 3068 incrementa

294 3090 333 3120 et
351 3083 595 3121 decrementa
613 3083 643 3120 si
664 3083 720 3120 vis
738 3084 906 3122 maxima
928 3085 1027 3122 Solis
1045 3085 1084 3120 in
1104 3084 1244 3121 vertice
1266 3084 1341 3122 loci

294 3135 530 3184 exprimatur
554 3138 624 3185 per
651 3136 884 3174 diametrum
911 3137 1055 3179 circuli,
1086 3138 1159 3174 hoc
1178 3145 1245 3181 est,
1275 3150 1342 3185 per

294 3189 422 3226 sinum
444 3202 594 3227 versum
623 3190 731 3227 1800.
756 3189 824 3227 sea
845 3189 976 3238 duplae
994 3190 1206 3228 altitudinis
1228 3191 1338 3237 Solis,

294 3241 409 3291 supra
427 3243 662 3280 horizontem
677 3257 688 3289 ;
710 3243 750 3279 in
770 3243 855 3280 aliis
873 3252 1003 3281 autem
1027 3243 1125 3281 Solis
1142 3244 1340 3292 positioni-

293 3296 366 3333 bus
385 3296 440 3332 vis
458 3298 592 3332 eadem
611 3296 836 3333 exhibeatur
853 3310 921 3346 per
940 3297 1046 3334 sinus
1065 3309 1191 3334 versos
1207 3297 1338 3334 altitu-

293 3348 430 3385 dinum
451 3348 732 3397 duplicat-arum
749 3365 760 3396 3
790 3363 908 3399 quare
927 3350 968 3387 in
987 3351 1099 3387 variis
1121 3350 1219 3388 Solis
1237 3351 1338 3398 posi.

293 3403 474 3448 tionibus,
497 3403 550 3438 vis
569 3402 615 3439 ad
636 3415 741 3440 mare
760 3403 1015 3440 attollendum
1035 3404 1135 3441 sumi
1153 3411 1277 3452 potest
1295 3412 1340 3442 ut

292 3455 401 3493 sinus
428 3468 558 3493 versus
576 3455 706 3502 duplae
734 3455 947 3493 altitudinis
969 3456 1068 3494 Solis
1094 3456 1210 3505 supra
1230 3458 1334 3494 hori-

292 3516 457 3553 zontem,
495 3508 645 3546 seclusa
681 3510 811 3546 tamen
847 3510 1132 3558 perturbatione
1168 3523 1256 3561 quae
1287 3522 1333 3547 ex

293 3561 397 3598 varia
428 3561 526 3598 Solis
553 3576 576 3599 a
606 3562 763 3602 Tellure
792 3561 973 3600 distantia
1000 3563 1132 3600 oritur.
1197 3564 1253 3600 At
1278 3563 1335 3600 vis

296 3613 396 3650 solis
432 3623 597 3664 augetur
631 3615 690 3652 vel
731 3615 923 3653 minuitur
966 3614 1045 3666 quo
1090 3614 1249 3665 propii1s
1283 3616 1332 3653 ad

295 3666 454 3704 Terram
474 3668 621 3705 accedit
640 3675 707 3705 aut
725 3667 883 3718 longius
901 3671 949 3706 ab
968 3668 1015 3706 ea
1034 3669 1187 3713 recedit,
1216 3668 1333 3718 idque

291 3717 334 3756 in
361 3720 506 3758 ratione
535 3721 723 3770 triplicata
742 3721 1008 3760 distantiarum
1036 3721 1187 3759 inversa
1216 3722 1326 3774 (Cor.

1399 2659 1561 2697 inverse.
1608 2659 1804 2698 Caeterum
1820 2668 1899 2697 tota
1917 2662 1999 2697 haec
2018 2659 2235 2708 Propositio
2251 2660 2445 2710 eleganter

1398 2712 1610 2751 admodum
1629 2714 1778 2750 calculo
1805 2721 1962 2751 tractata
1980 2714 2122 2763 legitur
2149 2714 2189 2749 in
2209 2713 2330 2751 tribus
2351 2714 2443 2751 Dis-

1398 2767 1663 2804 sertationibus
1681 2780 1768 2817 quae
1790 2766 1878 2804 Vol.
1905 2766 1992 2804 III.
2016 2767 2174 2816 adjectae
2192 2775 2295 2804 sunt.

1453 2819 1506 2870 (b)
1539 2824 1559 2843 ¹*
1581 2821 1734 2871 Efficiet
1747 2828 1789 2858 ut
1808 2821 1967 2858 altitudo
1984 2834 2105 2870 aquce.
2169 2820 2366 2862 Quoniam
2394 2834 2441 2858 ex

1397 2874 1511 2909 variis
1529 2873 1790 2920 pendulorum
1818 2873 2144 2910 observationibus
2163 2880 2201 2910 et
2220 2873 2441 2922 nuperrime

1399 2926 1584 2963 institutis
1602 2925 1744 2975 gradus
1771 2925 1971 2963 meridiani
1990 2926 2179 2963 mensuris
2206 2928 2278 2964 sub
2296 2926 2441 2965 circulo

1398 2978 1531 3027 polari,
1556 2979 1675 3016 Terra
1704 2979 1815 3016 altior
1847 2986 1904 3015 est
1931 2981 2002 3016 sub
2035 2987 2226 3028 aequatore
2245 2977 2362 3029 quam
2391 2993 2439 3018 ex

1397 3032 1543 3069 theoria
1573 3030 1829 3069 Newtoniana
1855 3032 1996 3081 prodiit
2024 3032 2161 3084 (Prop.
2191 3033 2319 3070 XIX.
2344 3032 2432 3072 Lib.

1397 3085 1532 3134 hujus)
1554 3084 1672 3132 paul&
1690 3084 1868 3136 augenda
1894 3087 1965 3123 erit
1990 3086 2153 3124 altitudo
2172 3099 2283 3136 aquae
2302 3085 2342 3122 in
2361 3087 2435 3125 hoc

1402 3138 1613 3175 Corollario
1649 3138 1816 3176 definita.
1884 3138 2178 3177 Observandum
2214 3147 2344 3176 autem
2380 3148 2436 3177 est

1400 3191 1658 3229 Corollarium
1696 3191 1793 3229 illud
1829 3191 1997 3242 rigorose
2041 3205 2174 3229 verum
2211 3204 2291 3229 non
2326 3205 2437 3241 esse3

1397 3245 1437 3282 N
1440 3253 1614 3282 ewtonus
1632 3244 1736 3282 enim
1764 3258 1808 3282 ex
1838 3244 2054 3283 differentia
2072 3245 2248 3283 diametri
2267 3254 2434 3295 aequato-

1392 3298 1445 3335 ris
1477 3305 1515 3335 et
1541 3299 1624 3335 axis
1655 3299 1785 3335 Terrae
1816 3311 1884 3348 per
1910 3297 2122 3346 simplicem
2151 3299 2433 3347 proportionem

1392 3351 1541 3401 colligit
1558 3351 1802 3389 altitudinem
1822 3364 1932 3401 aquae
1951 3364 1996 3388 ex
2018 3351 2054 3388 vi
2076 3352 2174 3389 Solis
2201 3351 2430 3400 oriundam;

1393 3412 1552 3454 uterque
1580 3413 1709 3442 tamen
1728 3417 1837 3442 casus
1859 3412 1915 3442 est
1942 3403 2058 3455 longe
2076 3404 2257 3450 diversus,
2286 3405 2433 3453 primus

1388 3457 1578 3506 siquidem
1608 3457 1749 3507 pendet
1768 3471 1791 3495 a
1808 3457 2041 3507 quadratura
2059 3457 2203 3501 circuli,
2228 3457 2324 3495 alter
2342 3457 2431 3496 ver&

1388 3511 1551 3548 refertur
1568 3511 1616 3548 ad
1634 3510 1907 3561 quadraturam
1926 3511 2144 3560 hyperbolae
2172 3514 2235 3562 (ut
2253 3518 2356 3559 patet
2382 3524 2428 3549 ex

1393 3564 1479 3601 Cor.
1514 3569 1550 3601 2.
1585 3564 1696 3612 Prop.
1733 3564 1819 3603 XC.
1849 3564 1937 3601 Lib.
1972 3565 2007 3602 Ι.
2039 3573 2076 3602 et
2103 3571 2185 3602 not·
2218 3568 2304 3602 106.
2335 3564 2422 3601 Lib.

1386 3616 1536 3666 hujus).
1596 3617 1670 3654 Sed
1701 3629 1816 3666 quam
1845 3616 1982 3666 parum
2011 3630 2035 3655 a
2060 3617 2216 3654 veritate
2242 3616 2428 3664 discrepet

1386 3682 1554 3717 praesens
1576 3670 1843 3714 Corollarium,
1875 3677 2030 3719 apparet
2056 3682 2103 3707 ex
2121 3677 2303 3717 computo
2330 3670 2426 3708 inito

1386 3724 1427 3759 in
1450 3723 1728 3761 Dissertatione
1746 3723 1886 3762 clariss-
1914 3722 2144 3769 Maclaurin,
2168 3722 2283 3770 Prop.
2309 3722 2359 3759 V.

2530 1866 2540 1890 ἓ.
