2540 4296
248 261 351 308 196

241 399 403 450 ticum
427 404 644 449 cometae
666 395 820 466 hujus
845 395 1209 450 determinare.

776 251 1347 305 PHILOSOPHIAE
1387 251 1844 310 NATURALIS
1882 255 2003 324 [DE
2026 259 2230 314 Mum).
2251 262 2404 315 Srs'r.

1279 397 1457 467 Atque
1481 397 1596 451 haec
1622 399 1694 452 ita
1720 418 1774 452 se
1798 398 2085 466 habebunt,
2114 404 2157 455 si
2184 416 2403 470 cometa,

243 493 412 563 spatio
437 509 694 543 annorum
720 490 1314 561 septuagintaquinque,
1344 490 1399 541 in
1424 490 1525 544 hoc
1545 491 1673 544 orbe
1698 494 1917 570 posthac
1937 494 2164 547 redierit.
2214 497 2405 550 Come—

240 595 308 636 tae
334 582 519 654 reliqui
544 582 729 652 majori
754 591 991 651 tempore
1017 580 1213 633 revolvi
1238 581 1481 633 videntur
1507 592 1559 633 et
1584 582 1735 635 altids
1762 584 2058 637 ascendere.

313 674 577 726 Caeterum
615 681 847 735 cometae,
890 672 958 724 ob
996 689 1248 743 magnum
1273 690 1454 723 eorum
1480 690 1773 738 numerum,
1815 686 1867 726 et
1898 692 2145 746 magnam
2171 674 2401 744 aphelio-

236 782 353 816 rum
379 781 410 814 a
439 762 560 815 Sole
586 760 901 824 distantiam,
931 770 983 812 et
1017 760 1231 832 longam
1254 779 1457 812 moram
1482 760 1536 811 in
1563 759 1801 830 ephebis,
1829 781 1925 832 per
1961 763 2240 833 gravitates
2265 765 2321 816 in
2346 785 2401 819 se

235 864 417 907 mutuo
443 852 681 906 nonnihil
707 853 906 906 turbari
944 852 1150 916 debent,
1192 863 1246 906 et
1280 871 1463 905 eorum
1502 853 1912 907 eccentricitates
1939 865 1991 907 et
2016 855 2400 909 revolutionum

234 955 477 1013 tempora
513 961 654 995 nunc
691 942 872 1014 augeri
897 941 1293 1012 aliquantulum,
1329 960 1471 994 nunc
1497 941 1734 995 diminui.

1814 943 2045 995 Proinde
2069 963 2178 995 non
2204 955 2282 996 est
2306 965 2400 999 ex-

235 1036 552 1107 pectandum
580 1046 637 1087 ut
656 1045 857 1087 cometa
881 1035 1021 1086 idem
1046 1034 1103 1086 in
1122 1034 1307 1086 eodem
1333 1035 1477 1098 orbe,
1500 1044 1552 1087 et
1573 1035 1758 1088 iisdem
1777 1037 2095 1105 temporibus
2120 1039 2398 1107 periodicis

231 1124 471 1179 accurate
510 1125 703 1178 redeat.

230 1238 347 1291 quae
374 1238 405 1270 a
429 1219 596 1269 causis
621 1216 888 1286 praedictis
915 1216 1166 1269 oriantur.

783 1124 985 1177 Sufficit
1026 1123 1070 1175 si
1112 1123 1425 1177 mutationes
1453 1136 1575 1177 *non
1618 1126 1841 1195 majores
1878 1126 2198 1192 obvenerint,
2240 1129 2398 1200 quam

300 1310 372 1361 Et
406 1308 533 1360 111110
569 1307 702 1358 ratio
739 1305 991 1370 redditur,
1035 1305 1099 1376 (d)
1139 1325 1233 1358 cur
1259 1315 1478 1359 cometae
1504 1324 1612 1356 non
1639 1305 2152 1375 comprehendantur
2177 1307 2396 1361 zodiaco

229 1419 373 1451 more
409 1400 757 1468 planetarum,
798 1397 891 1449 sed
927 1395 1054 1449 inde
1086 1396 1314 1469 migrent
1339 1407 1391 1449 et
1416 1396 1642 1449 motibus
1669 1398 1828 1449 variis
1853 1399 1909 1449 in
1936 1417 2116 1450 omnes
2143 1399 2395 1451 coelorum

225 1483 466 1561 regiones
510 1488 756 1542 ferantur.

279 1629 333 1681 (Δ)
361 1632 445 1669 173.
473 1633 493 1655 *
519 1633 599 1669 Cur
627 1638 781 1669 cometa:
800 1643 880 1669 non
906 1631 1280 1680 comprehendantur

223 1686 388 1723 zodiaco.
453 1684 517 1721 Ex
538 1686 737 1722 observato
756 1683 859 1733 saepe
879 1685 1020 1732 saepius
1038 1692 1280 1721 cometarum

222 1750 340 1775 cursu
377 1738 600 1788 retrogrado
639 1736 803 1775 deduxit
849 1738 1069 1775 Newtonus
1109 1747 1280 1775 cometas

223 1804 302 1828 non
322 1791 595 1851 comprehendi
616 1791 773 1828 zodiaco
792 1803 898 1828 more
918 1790 1176 1839 planetarum,
1206 1789 1273 1828 sed

221 1844 314 1882 inde
341 1845 509 1904 migrare
536 1852 574 1882 et
603 1845 771 1882 motibus
799 1845 910 1881 variis
936 1844 979 1881 in
1005 1856 1139 1881 omnes
1158 1845 1273 1882 00010-

219 1888 308 1935 ium
327 1900 504 1948 regiones
522 1910 734 1935 excurrere.
801 1899 987 1935 Attamen
1005 1897 1151 1935 clariss.
1179 1899 1274 1936 Cas-

220 1951 330 1989 sinus
357 1952 399 1987 in
432 1952 614 1988 WIonum
639 1951 761 1988 Paris.
793 1963 855 1988 an.
888 1955 999 1990 1731.
1031 1951 1276 2002 retrogrados

222 2014 466 2042 cometarum
487 2015 616 2041 motus
634 2004 684 2041 ad
702 2004 867 2042 directos
894 2004 1060 2043 reduxit.
1122 2004 1276 2043 Verum

219 2070 266 2095 eo
293 2058 457 2096 artificio
484 2058 609 2095 utitur
637 2057 693 2095 vir
711 2057 956 2095 doctissimus
981 2066 1028 2097 ut
1051 2057 1277 2097 distantiam

219 2119 379 2149 cometae
399 2125 423 2149 a
444 2109 566 2149 Terra
583 2110 645 2148 vel
667 2111 756 2149 Sole
774 2124 844 2160 pro
863 2111 1019 2151 arbitrio
1038 2120 1219 2158 assumat,
1237 2120 1274 2151 et

218 2164 337 2202 modo
367 2165 567 2202 Tellurem
596 2164 695 2202 inter
716 2165 845 2203 Solem
865 2173 903 2202 et
920 2172 1125 2211 cometam,
1155 2164 1275 2204 modo

216 2227 409 2256 cometam
435 2219 535 2255 inter
566 2218 697 2255 Solem
724 2226 763 2257 et
797 2218 998 2256 Tellurem
1030 2231 1075 2257 ac
1104 2219 1274 2269 denique

220 2272 351 2310 Solem
372 2272 473 2309 inter
490 2279 681 2309 cometam
705 2279 744 2309 et
775 2270 989 2318 Tellurem,
1019 2285 1090 2321 pro
1109 2273 1273 2310 necessi-

215 2331 304 2368 tate,
336 2325 506 2363 collocet.
571 2322 665 2370 Qua
691 2325 840 2363 ratione
866 2325 907 2363 id
934 2325 1018 2363 fieri
1047 2327 1168 2390 possit
1193 2337 1272 2363 non

214 2381 305 2416 satis
342 2378 587 2428 intelligitur,
626 2378 697 2416 nisi
737 2379 872 2430 ignota
903 2378 1066 2417 0111111ηό
1099 2379 1270 2430 fingatur

214 2441 455 2470 cometarum
474 2432 648 2479 theoria;
668 2444 849 2470 concesso
868 2433 973 2470 enim
993 2432 1125 2482 aliquo
1143 2445 1272 2471 come·

215 2493 344 2523 tarum
365 2493 583 2536 systemate,
606 2486 804 2525 distantias
823 2486 910 2524 illas
929 2499 998 2534 pro
1017 2486 1144 2524 lubitu
1159 2499 1270 2524 usur-

214 2552 305 2587 pare
333 2552 413 2577 non
443 2539 546 2585 licet,
566 2539 635 2577 sed
653 2552 701 2577 ex
727 2539 825 2578 datis
848 2547 1031 2578 motuum
1055 2540 1268 2585 elementis,

214 2603 455 2631 cometarum
490 2593 673 2631 distantia
704 2602 861 2645 totaque
889 2594 1108 2645 trajectoria
1143 2593 1269 2632 deter-

213 2647 426 2685 minantur.
489 2647 552 2684 Sic
588 2647 773 2685 Halleius
808 2646 984 2685 definivit
992 2647 1271 2700 trajectoriam

212 2709 374 2738 cometae
393 2700 461 2751 qui
480 2700 731 2739 anni31664
753 2709 791 2739 et
821 2702 938 2740 1665.
959 2690 1150 2750 apparuit.
1214 2702 1271 2741 Ut

211 2761 345 2791 autem
381 2754 650 2803 retrogradum
685 2754 805 2805 hujus
841 2761 1004 2792 cometae
1032 2761 1186 2792 motum
1218 2754 1269 2793 ad

212 2807 403 2846 directum
433 2808 592 2845 reducat
625 2807 766 2846 clariss.
805 2808 1002 2854 Cassinus,
1033 2807 1151 2846 talem
1176 2808 1268 2847 huic

212 2869 373 2899 cometae
393 2870 545 2900 motum
564 2860 699 2900 tribuit
711 2861 778 2912 qui
798 2874 891 2899 cum
913 2861 1063 2900 Halieii
1082 2869 1269 2911 computo

212 2926 459 2965 nequaquam
477 2915 671 2953 convenit·
732 2914 866 2960 Quam
886 2913 1007 2963 probe
1026 2923 1157 2952 tamen
1176 2927 1269 2953 cum

212 2968 543 3007 observationibus
560 2967 706 3007 theoria
724 2976 926 3020 congruat,
951 2968 1120 3007 ostendit
1138 2968 1268 3006 tabula

210 3020 328 3069 paulo
342 3021 431 3060 ante
445 3021 628 3060 exhibita.
673 3022 865 3067 Quamvis
882 3021 1013 3072 itaque
1026 3021 1268 3072 retrogrados

210 3083 449 3113 cometarum
476 3084 607 3113 motus
624 3076 675 3114 ad
694 3075 857 3114 directos
883 3073 1088 3126 ingeniosa
1106 3083 1187 3113 arte
1206 3088 1265 3114 re-

209 3127 365 3167 duxerit
387 3129 584 3175 cassinus,
604 3141 684 3167 non
703 3129 742 3166 id
763 3136 894 3167 tamen
907 3130 997 3168 satis
1011 3142 1093 3167 esse
1107 3128 1266 3168 arbitra-

208 3194 300 3219 mur
318 3191 362 3220 ut
381 3195 468 3220 eam
487 3182 704 3233 rejiciamus
718 3190 958 3221 cometarum
975 3182 1163 3220 theoriam
1177 3195 1266 3233 quae

208 3236 475 3284 phaenomenis
507 3235 680 3284 apprime
716 3236 933 3286 respondet,
974 3244 1090 3287 atque
1126 3235 1264 3274 incerti

207 3288 291 3327 sine
306 3289 386 3327 ulla
405 3288 555 3328 theoria
574 3302 756 3328 erremus.
810 3288 1005 3329 Praeterea
1022 3289 1141 3328 talem
1160 3290 1263 3328 orbi-

207 3350 289 3380 tam
307 3342 491 3392 praedicto
510 3343 859 3394 cometae-assignat
887 3343 1072 3382 Cassinus
1089 3351 1135 3382 ut
1153 3341 1264 3381 extra

207 3398 341 3433 orbem
359 3410 539 3434 annuum
556 3395 637 3435 fere
654 3409 732 3435 non
746 3404 948 3444 excurrat3
968 3396 1076 3448 quod
1089 3397 1120 3434 si
1135 3409 1195 3434 res
1209 3395 1265 3435 ita

207 3463 248 3487 se
267 3451 433 3496 haberet,
455 3451 519 3488 hic
537 3458 690 3488 cometa
706 3451 750 3488 in
769 3458 1020 3500 conspectum
1038 3448 1116 3489 01ῑό
1129 3450 1263 3489 rediis-

207 3510 277 3548 set,
305 3512 475 3541 cometas
499 3503 603 3542 enim
628 3503 681 3542 ad
704 3503 916 3542 maximam
933 3504 1090 3555 quoque
1116 3503 1264 3542 distan-

205 3556 301 3593 tiam
333 3557 563 3605 conspicuos
592 3570 676 3595 esse
701 3565 851 3596 constat
878 3569 927 3595 ex
956 3556 1111 3595 defectu
1136 3556 1262 3606 paral-

205 3608 349 3647 laxeos·
408 3611 450 3648 N
452 3623 494 3649 ec
513 3610 677 3648 feliciori
695 3623 877 3649 successu
896 3610 947 3649 ad
965 3617 1118 3649 motum
1138 3610 1263 3651 dirce.

203 3670 291 3699 tum
326 3663 462 3702 reduci
498 3677 610 3713 posse
653 3663 806 3702 videtur
842 3673 972 3701 motus
1015 3663 1263 3715 retrogradus

205 3724 367 3753 cometae
385 3729 446 3754 an.
477 3722 591 3756 1680.
635 3717 741 3755 Nam
761 3724 899 3766 praeter
915 3715 1034 3768 quam
1051 3716 1158 3767 quod
1175 3728 1262 3756 om-

205 3781 297 3806 nem
316 3779 555 3808 cometarum
574 3770 760 3808 theoriam
781 3771 879 3808 fictis
898 3771 947 3808 ad
966 3769 1170 3809 arbitrium
1183 3771 1260 3820 hy..

203 3823 427 3870 pothesibus
444 3824 562 3860 everti
582 3836 736 3862 necesse
755 3824 814 3867 sit,
836 3824 877 3860 in
897 3823 1152 3872 explicatione
1168 3823 1262 3862 Cas-

204 3876 280 3912 31111
317 3876 543 3927 gravissima
588 3877 754 3915 occurrit
790 3877 998 3916 difficultas
1034 3878 1146 3927 cujus
1183 3877 1261 3915 vim

1333 1636 1457 1668 totam
1488 1628 1608 1668 sensit
1640 1628 1782 1668 clariss.
1808 1629 1879 1667 vir.

837 1487 1044 1542 Scilicet
1077 1506 1140 1539 eo
1180 1488 1303 1551 fine,
1346 1497 1404 1539 ut
1451 1487 1506 1538 in
1549 1486 1769 1556 apheliis
1807 1488 1930 1552 31113,
1974 1488 2066 1541 ubi
2102 1490 2393 1544 tardissime

1941 1630 2149 1679 Oporteret
2175 1632 2319 1670 scilicet
2347 1641 2390 1672 ut

1335 1691 1485 1721 cometa
1521 1683 1588 1721 ille
1621 1682 1740 1734 paulo
1771 1693 1862 1721 ante
1909 1688 1973 1721 27.
2008 1684 2113 1721 diem
2158 1686 2390 1724 Novembris

1333 1749 1403 1786 per
1435 1736 1584 1774 nodum
1621 1737 1918 1776 descendentem
1955 1738 2148 1776 transierit
2184 1747 2222 1776 et
2257 1752 2390 1777 versus

1328 1791 1433 1827 diem
1476 1793 1534 1829 17.
1580 1791 1810 1829 Decembris
1845 1791 1896 1829 ad
1932 1792 2082 1829 nodum
2118 1792 2390 1831 ascendentem

1327 1844 1556 1904 pervenerit,
1583 1842 1750 1895 ideoque
1768 1852 1919 1883 cometa
1937 1845 2101 1883 breviori
2128 1844 2247 1896 quam
2267 1847 2387 1883 unius

1327 1897 1475 1936 mensis
1492 1898 1705 1943 intervallo,
1735 1905 1864 1936 totum
1882 1898 2048 1949 spatium
2068 1899 2175 1949 quod
2200 1908 2258 1937 est
2284 1899 2388 1938 infra

1330 1951 1494 1999 planum
1516 1951 1703 1999 eclipticae
1730 1952 1995 2003 trajecisset.
2014 1950 2138 1990 Porrd
2158 1960 2264 1990 tanta
2283 1953 2387 1991 velo-

1330 2005 1424 2042 citas
1450 2013 1553 2043 caret
1574 2004 1922 2050 verisimilitudine,
1953 2017 2024 2043 nec
2049 2006 2247 2043 conciliari
2275 2019 2387 2066 posse

1331 2058 1484 2096 videtur
1520 2071 1611 2096 cnm
1647 2058 1857 2097 observatis
1891 2058 2014 2110 longo
2048 2061 2234 2108 temporis
2262 2061 2387 2108 spatio

1331 2112 1449 2160 hujus
1469 2119 1629 2150 cometae
1648 2111 1817 2150 motibus
1828 2127 1841 2159 ;
1870 2113 1935 2151 hic
1953 2112 2059 2151 euim
2077 2121 2385 2151 astronomorum

1328 2164 1453 2206 oculis
1484 2164 1562 2204 cito
1594 2178 1675 2203 sese
1700 2165 1957 2204 subduxisset.
2018 2166 2200 2217 Singulas
2219 2167 2384 2215 explica-

1328 2205 1453 2256 tione}
1470 2231 1559 2268 quae
1577 2219 1618 2255 in
1645 2219 1732 2256 loco
1750 2220 1814 2257 cit.
1841 2220 2025 2257 Monum.
2054 2220 2175 2258 Paris.
2200 2220 2385 2270 leguntur

1328 2284 1551 2320 percurrere
1568 2271 1728 2323 longius
1747 2273 1858 2319 foret,
1879 2273 1970 2311 satis
1988 2273 2060 2311 erit
2071 2272 2211 2311 addere
2229 2287 2292 2310 003
2311 2276 2383 2311 hoc

1326 2325 1572 2374 potissimum
1597 2325 1675 2363 fine
1693 2326 1929 2377 excogitatas
1945 2326 2063 2365 fuisse
2081 2333 2127 2365 ut
2144 2339 2284 2375 nempe
2304 2340 2381 2364 ser-

1326 2386 1480 2416 varetur
1519 2387 1558 2417 et
1596 2392 1620 2417 0
1654 2378 1881 2430 gravissima
1912 2380 2126 2431 objectione
2157 2379 2382 2418 liberaretur

1327 2432 1518 2470 vorticum
1536 2432 1769 2482 hypothesis.
1815 2432 1966 2472 Verum
1985 2434 2047 2471 his
2063 2433 2382 2482 explicationibus

1326 2486 1563 2537 caeteroquin
1590 2486 1910 2537 ingeniosissimis
1934 2488 2113 2526 nondum
2131 2495 2262 2529 tanaen
2291 2500 2380 2535 pro-

1327 2539 1477 2588 positus
1508 2539 1596 2577 finis
1626 2540 1789 2578 obtineri
1816 2540 2121 2589 videtu13hanc
2149 2543 2252 2578 enirn
2278 2541 2376 2578 diffi-

1325 2593 1511 2632 cultatem
1538 2593 1770 2644 effugientes
1797 2594 1986 2633 vorticum
2004 2596 2168 2644 patroni,
2197 2593 2237 2631 in
2263 2594 2379 2632 aliam

1325 2635 1543 2685 incurrunt.
1604 2647 1813 2696 oporteret
1842 2648 2034 2698 siquidem
2067 2656 2111 2686 ut
2140 2657 2377 2685 cometarum

1325 2700 1487 2738 vortices
1504 2701 1633 2750 ipsum
1657 2700 1794 2739 saltem
1815 2701 1988 2740 Telluris
2006 2701 2188 2739 vorticem
2218 2702 2376 2740 interse-

1322 2762 1468 2800 carent,
1487 2753 1593 2805 quod
1612 2754 1695 2792 sine
1713 2754 1902 2793 vorticum
1921 2755 2207 2804 perturbatione
2225 2767 2271 2791 ac
2289 2762 2373 2792 tan-

1321 2806 1411 2844 dem
1424 2807 1773 2846 destructionefieri
1788 2821 1910 2862 posse
1910 2820 1990 2846 non
2003 2808 2243 2858 intelligitur.
2265 2808 2376 2845 Alias

1321 2861 1554 2910 hypotheses
1572 2861 1770 2901 finxerunt
1786 2862 1867 2899 alii
1927 2861 2099 2906 Quidam
2118 2869 2288 2899 cometas
2306 2862 2373 2898 ha-

1323 2915 1494 2952 buerunt
1511 2922 1695 2965 tanquam
1724 2915 1898 2963 planetas
1917 2927 1995 2953 non
2013 2913 2116 2953 circa
2138 2914 2267 2953 Solem
2287 2926 2375 2951 nos·

1322 2974 1439 3012 trum,
1461 2968 1529 3005 sed
1547 2969 1648 3006 circa
1666 2969 1787 3006 alium
1805 2968 1912 3006 velut
1929 2976 2106 3007 centrum
2125 2968 2375 3007 revolventes.

1325 3020 1520 3058 Nonnulli
1548 3034 1613 3058 eos
1631 3022 1851 3060 habuerunt
1869 3022 1977 3060 velut
2002 3021 2183 3061 satellites
2209 3021 2373 3070 planetae

1320 3075 1524 3125 cujusdam
1555 3075 1727 3124 primarii
1757 3075 1800 3113 in
1827 3079 1961 3114 nostro
1990 3077 2132 3114 vortice
2160 3074 2370 3123 constituti,

1319 3129 1387 3179 qui
1406 3136 1535 3167 tamen
1553 3130 1603 3166 ob
1622 3129 1833 3166 maximam
1856 3130 1963 3169 illius
1980 3143 2005 3168 a
2022 3131 2132 3168 nobis
2150 3129 2372 3167 distantiam

1320 3182 1491 3232 conspici
1519 3194 1598 3219 non
1626 3190 1763 3232 potest,
1790 3183 1842 3221 ita
1863 3192 1905 3221 ut
1924 3190 2084 3221 cometae
2102 3196 2170 3221 seu
2191 3182 2372 3220 satellites

1318 3248 1400 3273 sese
1429 3236 1539 3273 nobis
1570 3235 1759 3274 duntaxat
1782 3236 2012 3286 conspicuos
2036 3239 2245 3286 praebeant,
2273 3235 2372 3274 dum

1317 3288 1359 3326 in
1381 3288 1550 3326 inferiori
1571 3297 1610 3327 et
1631 3289 1800 3328 Telluris
1812 3290 2033 3340 proximiori
2053 3291 2263 3330 orbitarum
2283 3302 2370 3327 sua-

1316 3354 1405 3380 rum
1424 3350 1531 3391 parte
1549 3352 1759 3382 versantur.
1820 3343 1899 3383 Sed
1916 3357 1940 3381 a
1961 3344 2002 3382 N
2003 3341 2222 3382 ewtoniana
2239 3354 2371 3381 come-

1317 3402 1446 3434 tarum
1482 3395 1642 3442 theoria‚
1679 3409 1768 3447 quae
1803 3397 2071 3446 phaenomenis
2106 3403 2366 3435 consentanea

1317 3456 1387 3496 est,
1407 3461 1653 3500 nequaquam
1672 3462 1743 3488 nos
1760 3463 1956 3489 removere
1974 3450 2117 3489 debent
2139 3450 2370 3501 hypotheses

1317 3502 1396 3540 illae
1414 3516 1502 3554 quae
1520 3516 1606 3541 eam
1625 3503 1817 3542 duntaxat
1839 3508 1891 3543 ob
1916 3517 2073 3544 causam
2092 3504 2284 3543 subtiliter
2307 3505 2368 3540 in-

1318 3563 1442 3595 veutae
1470 3566 1563 3595 sunt
1595 3565 1640 3595 ut
1670 3564 1884 3596 servaretur
1915 3558 2104 3596 vortIcum
2133 3556 2365 3607 hypothesis,

1315 3621 1434 3660 quam
1465 3610 1552 3648 aliis
1582 3610 1718 3649 multis
1748 3610 2043 3649 difficultatibus
2071 3612 2193 3660 premi
2225 3611 2371 3659 passim

1315 3661 1570 3701 ostendimus.
1631 3664 1826 3707 Caeterum
1842 3663 2031 3715 quidquid
2048 3664 2097 3702 de
2115 3661 2188 3705 hac
2206 3661 2367 3701 materia

1315 3715 1498 3760 diximus,
1519 3724 1558 3754 et
1575 3715 1670 3766 ipsa,
1689 3727 1804 3765 prout
1823 3717 1935 3756 nobis
1953 3717 2080 3755 visum
2097 3724 2165 3763 est,
2194 3716 2248 3753 rei
2267 3718 2365 3753 veri-

1315 3776 1375 3807 tas
1392 3777 1799 3810 etaeommentatorum
1826 3770 2002 3810 officium
2021 3783 2044 3809 a
2066 3770 2176 3810 nobis
2193 3769 2365 3820 postula-

1314 3824 1419 3863 bant.
