2540 4296
132 178 317 232 ann
344 175 643 237 TERTIUS]
723 171 1123 225 PRINCIPIA
1167 171 1784 224 MATHEMATICA.
2180 181 2280 226 103

126 340 158 372 a
199 320 317 373 Sole
355 316 572 369 inverse.
650 317 727 370 Ut
768 316 907 367 idem
951 315 1121 366 adhuc
1160 314 1386 367 velocius
1423 325 1692 368 moveatur
1729 316 1783 366 in
1824 315 2024 367 ratione
2062 316 2284 386 simplici

125 407 379 461 distantiae
405 404 622 468 inverse,
668 405 733 456 ab
778 403 917 455 orbis
944 414 1122 455 centro
1163 403 1218 456 D
1259 414 1443 473 agatur
1468 415 1608 456 recta
1633 405 1688 457 D
1719 405 1765 456 E
1791 424 1968 456 versus
2006 423 2281 476 apogaeum

127 499 296 551 Lunae
334 518 425 550 seu
470 506 627 549 rectae
671 496 723 547 T
763 494 808 545 C
851 494 1112 562 parallela,
1161 504 1211 545 et
1252 495 1483 562 capiatur
1520 495 1741 565 angulus
1789 495 1836 546 E
1881 496 1935 547 D
1984 496 2027 547 F
2067 497 2278 565 aequalis

123 587 359 639 excessui
410 584 701 657 argumenti
750 582 909 634 annui
957 583 1196 651 praedicti
1242 600 1398 651 supra
1447 582 1745 635 distantiam
1796 585 1998 655 apogaei
2039 585 2208 637 Lunae
2250 606 2280 637 a

54 662 61 669 η’
120 676 351 746 perigaeo
379 674 513 727 Solis
538 674 593 724 in
617 670 1011 741 consequentia3
1051 672 1116 740 (¹¹)
1144 671 1225 722 vel
1251 670 1390 740 quod
1428 671 1646 739 perinde
1673 683 1765 735 est,
1800 674 2032 741 capiatur
2057 675 2278 745 angulus

125 764 171 815 C
197 765 252 815 D
283 764 326 815 F
370 761 580 831 aequalis
619 759 1000 829 complemento
1027 759 1298 811 anomaliae
1323 777 1460 811 verae
1490 761 1625 812 Solis
1667 762 1735 813 ad
1776 763 1969 832 gradus
2010 773 2129 817 360.
2207 766 2278 818 Et

122 855 189 906 sit
213 854 269 906 D
302 854 345 904 F
370 853 436 904 ad
462 853 516 904 D
547 852 591 903 C
630 862 688 902 ut
725 852 884 920 dupla
909 852 1259 904 eccentricitas
1284 853 1425 903 orbis
1462 853 1639 923 magni
1666 854 1733 906 ad
1758 854 2053 908 distantiam
2079 857 2276 909 medio-

124 961 263 994 crem
291 942 428 994 Solis
453 961 484 992 a
511 940 694 1003 Terra,
737 951 789 991 et
824 935 994 992 motu‘s
1021 941 1220 993 medius
1259 940 1475 992 diurnus
1506 941 1640 993 Solis
1667 942 1733 993 ab
1758 961 1976 1015 apogaeo
2003 945 2172 997 Lunae
2210 947 2295 998 ad·

117 1046 317 1088 motum
340 1035 569 1087 medium
599 1034 843 1085 diurnum
885 1034 1019 1086 Solis
1045 1034 1112 1085 ab
1137 1051 1354 1105 apogaeo
1378 1034 1595 1102 proprio
1621 1036 1955 1104 conjunctim,
1995 1037 2046 1088 id
2086 1048 2176 1101 est,
2218 1049 2276 1090 ut

122 1131 221 1194 33}
249 1126 317 1178 ad
346 1133 483 1177 1000
523 1134 574 1175 et
613 1125 714 1176 52'.
743 1125 860 1178 27²².
889 1124 1017 1175 16⁹2
1057 1122 1123 1173 ad
1163 1124 1262 1175 59'.
1292 1124 1371 1175 8¹².
1404 1125 1535 1174 10'''.
1564 1123 1895 1194 conjunctim,
1937 1125 2041 1176 sive
2066 1136 2125 1177 ut
2152 1135 2181 1179 3
2209 1127 2292 1205 ad,

131 1224 249 1268 100.
328 1214 398 1265 Et
423 1213 636 1281 concipe
661 1221 895 1263 centrum
921 1211 1059 1262 orbis
1088 1211 1257 1262 Lunae
1281 1210 1442 1262 locari
1466 1211 1520 1262 in
1544 1222 1739 1280 puncto
1768 1212 1829 1275 F,
1868 1222 1920 1265 et
1943 1212 1998 1262 in
2024 1212 2292 1284 epicycIO,

119 1308 263 1376 cujus
291 1313 526 1357 centrum
563 1311 640 1354 est
680 1302 753 1364 D,
801 1312 852 1353 et
890 1302 1093 1353 radium
1130 1302 1187 1355 D
1228 1303 1287 1366 F,
1334 1283 1530 1356 interea
1555 1304 1750 1356 revolvi
1775 1304 1901 1356 dum
1926 1316 2178 1373 punctum
2217 1307 2274 1359 D

117 1397 454 1470 progreditur
496 1397 551 1447 in
595 1393 1007 1447 circumferentia
1035 1395 1213 1448 circuli
1251 1395 1307 1447 D
1335 1396 1385 1447 A
1414 1395 1461 1447 B
1488 1395 1560 1448 D.
1639 1397 1701 1465 (⁰)
1744 1394 1869 1448 Hac
1905 1396 2044 1448 enim
2074 1397 2274 1450 ratione

115 1546 293 1577 mentum
325 1551 514 1584 annuum,
552 1538 724 1588 fingatur
754 1536 929 1586 apsidem
960 1537 1162 1575 immotam
1272 1535 1326 1589 (o)
1359 1540 1379 1561 *⁵
1403 1534 1496 1576 Ηᾶσ
1513 1539 1616 1576 enim
1634 1539 1795 1576 ratione.
1856 1537 2135 1588 AEquationem
2155 1539 2274 1591 hujus

116 1605 210 1638 esse,
234 1592 363 1631 Solem
382 1590 471 1630 vero
488 1592 647 1636 moveri,
668 1590 852 1639 pendebit
870 1602 980 1628 arcus
1002 1590 1037 1629 B
1063 1590 1097 1629 F
1116 1603 1162 1628 ex
1216 1589 1348 1628 motfis
1366 1590 1488 1628 centri
1507 1589 1613 1629 orbis
1629 1589 1778 1629 lunaris
1796 1602 1887 1642 quae
1913 1590 2132 1631 adhibenda
2150 1599 2209 1632 eat
2226 1601 2273 1634 ut

114 1654 226 1684 motu
256 1646 355 1684 Solis
383 1646 524 1695 fietque
549 1644 672 1695 major
699 1656 777 1693 quo
805 1644 967 1682 celerius

119 1699 185 1739 Sol
204 1700 429 1745 movebitur,
459 1698 526 1736 sed
553 1706 682 1735 motus
704 1697 802 1735 Solis
828 1703 885 1734 est
904 1696 965 1734 in-

33 1775 36 1778 ·
114 1752 222 1791 verse
249 1753 290 1790 in
315 1752 462 1791 ratione
480 1749 676 1800 duplicata
699 1749 966 1788 distantiarum

47 1846 50 1847 γ
117 1805 249 1845 Terrae
284 1819 308 1844 a
347 1805 436 1845 Sole
491 1802 605 1854 (nota
623 1802 663 1850 o)
709 1816 801 1854 ergo
836 1810 966 1841 motus

114 1859 250 1909 puncti
273 1860 306 1898 F
325 1872 372 1897 ex
389 1860 461 1897 hac
479 1856 780 1896 consideratione
795 1856 967 1907 sequitur

113 1913 303 1951 rationem
321 1913 508 1951 inversam
523 1909 759 1961 duplicatam
776 1909 967 1949 distantiae

116 1966 249 2005 Terrae
266 1979 290 2004 a
312 1965 410 2004 Sole.

170 2020 230 2071 (¹¹)
262 2022 283 2045 “²
309 2021 375 2058 Vel
392 2022 494 2070 quod
507 2018 664 2068 perinde
681 2026 747 2057 est.
807 2017 847 2056 Si
865 2017 966 2056 circa

1 2073 18 2108 ’,
114 2080 304 2122 punctum
326 2074 367 2111 D
387 2072 492 2110 radio
513 2071 554 2109 D
578 2071 611 2109 F
629 2071 865 2110 describatur
891 2071 966 2111 cir-

2 2120 37 2171 ἐξ
111 2125 226 2165 culus
255 2125 568 2179 EFQdoeD
597 2125 654 2173 P;
683 2125 723 2162 in
751 2137 829 2175 quo
855 2123 964 2162 fitE

24 2201 30 2207 ,
115 2178 245 2218 Lunae
260 2193 464 2232 apogaeum
480 2192 504 2217 e
522 2185 654 2217 centro
670 2179 711 2217 D
726 2186 941 2227 spectatum
950 2192 963 2224 ;

128 2236 156 2282 D
183 2234 311 2272 Lunae
336 2234 559 2286 perigaeum,
582 2250 607 2270 a
625 2244 829 2283 apogaeum
852 2230 963 2277 Solis,

116 2289 153 2328 P
175 2289 273 2328 Solis
290 2293 515 2342 perigaeum,
539 2295 587 2344 Q
610 2292 718 2330 locus
739 2291 850 2338 Solis,
871 2290 963 2330 cum

113 2355 160 2381 ex
179 2345 461 2383 constructione
479 2346 528 2383 sit
546 2346 572 2383 d
595 2347 635 2384 D
657 2346 694 2383 E
713 2360 770 2382 =
793 2346 834 2383 D
857 2345 889 2383 C
912 2346 962 2392 B,

112 2394 277 2447 ideoque
295 2397 460 2447 duplum
487 2399 705 2449 argumenti
723 2398 856 2442 annui,
885 2398 963 2436 sive

112 2449 279 2499 duplum
305 2450 494 2489 distantiae
524 2456 571 2505 Q
606 2453 656 2498 Ε,
685 2452 756 2490 erit
785 2451 821 2489 E
854 2451 895 2488 D
929 2452 961 2490 C

112 2502 270 2553 aequalis
301 2504 558 2544 semi-circulo
586 2505 743 2555 dempto
770 2509 795 2542 2
826 2508 874 2556 Q
909 2505 960 2551 E,

111 2556 190 2594 sive
221 2557 293 2595 erit
321 2557 347 2607 ἦ·
373 2571 394 2595 c
420 2579 474 2589 —
493 2564 517 2597 2
538 2564 586 2613 Q
612 2559 676 2606 E;
707 2559 834 2608 itaque
866 2558 897 2596 si
928 2558 964 2596 ei

111 2609 218 2647 arcui
246 2610 285 2648 E
308 2611 349 2649 D
373 2611 405 2650 C
433 2611 596 2653 addatur
624 2612 661 2650 E
685 2612 727 2650 D
747 2613 779 2650 F
803 2611 963 2663 aequalis

111 2675 243 2701 annuo
260 2672 488 2715 argumento
502 2664 659 2717 dempta
671 2663 853 2704 distantia
871 2678 961 2714 apo-

112 2716 187 2767 gaei
216 2717 343 2754 Lunae
369 2731 392 2755 a
418 2718 582 2770 perigaeo
608 2718 720 2767 Solis,
749 2719 827 2757 sive
849 2724 896 2772 Q
922 2720 957 2757 E

109 2768 959 2825 --PE‚fietCDF={c-<9E—

114 2821 150 2859 P
170 2822 219 2866 Ε,
240 2823 305 2861 sed
324 2823 416 2862 cum
434 2825 461 2877 -ξ-
487 2841 508 2866 c
527 2829 575 2866 sit
594 2826 751 2877 aequalis
769 2827 960 2866 distantiae

110 2875 265 2925 perigaei
288 2877 387 2916 Solis
413 2881 461 2918 ab
488 2881 570 2933 ejus
588 2893 759 2930 apogaeo‚
789 2882 860 2919 erit
888 2882 912 2933 ᾗ
938 2893 959 2918 c

109 2943 167 2965 =
198 2929 233 2966 P
254 2930 290 2968 Ε
314 2935 360 2983 Θ
393 2949 428 2977 oe,
459 2946 505 2971 ex
533 2946 611 2984 quo
638 2934 766 2984 itaque
793 2935 962 2973 detracto
993 2933 1028 2971 P
1049 2928 1087 2967 Ε
1116 2936 1155 2967 et

114 2982 152 3020 E
175 2986 240 3035 Θ,
269 2993 327 3022 est
356 2986 389 3024 C
413 2986 453 3023 D
477 2987 510 3025 F
528 3003 585 3023 =
607 2991 655 3039 Q
678 3003 703 3024 ω
730 2988 808 3026 sive
834 2987 1024 3026 distantiae
1056 2981 1155 3020 Solis

1207 2940 1407 2969 moveatur
1425 2933 1593 2972 velocius
1620 2934 1739 2986 quam
1766 2949 1834 2984 per
1860 2937 2025 2985 primam
2052 2946 2250 2979 construe-

1207 2984 1366 3031 tionem,
1394 2985 1510 3036 idque
1536 2988 1579 3024 in
1608 2989 1772 3037 simplici
1798 2990 1946 3028 ratione
1972 2991 2164 3031 distantiae
2189 2992 2251 3030 in-

110 3037 158 3074 ab
181 3050 342 3089 apogaeo
368 3039 410 3076 in
436 3040 712 3087 antecedentia,
742 3049 811 3081 aut
836 3042 941 3091 quod
967 3040 1071 3079 idem
1097 3043 1154 3073 est

111 3090 393 3138 complemento
420 3093 470 3130 ad
498 3094 624 3132 3603‘.
658 3107 770 3132 arcus
796 3112 821 3133 α
850 3099 877 3144 D
909 3095 943 3132 P
969 3094 1006 3131 E
1031 3095 1064 3132 F
1086 3099 1151 3147 Q,

111 3141 177 3191 qui
204 3156 314 3181 arcus
332 3153 389 3182 est
405 3145 585 3185 distantia
615 3147 714 3187 Solis
740 3149 787 3185 ab
814 3160 974 3200 apogaeo
1001 3160 1082 3193 suo,
1112 3151 1156 3187 in

30 3220 34 3227 »
110 3198 382 3246 consequentia
394 3207 558 3248 sumpta,
571 3214 659 3252 quae
670 3208 727 3238 est
745 3201 842 3239 Solis
853 3200 1045 3239 anomalia
1055 3214 1154 3240 vera.

164 3249 208 3287 Si
225 3257 416 3297 punctum
445 3251 481 3290 P
507 3253 605 3292 foret
622 3254 664 3292 in
682 3255 954 3305 consequentia
971 3263 1150 3302 respectu

109 3302 244 3351 puncti
266 3302 316 3349 E,
347 3311 439 3342 tunc
469 3305 506 3343 E
528 3307 570 3344 D
591 3307 625 3345 F
650 3307 850 3346 faciendus
876 3314 973 3346 esset
991 3308 1149 3357 aequalis

109 3362 340 3405 argumento
357 3369 489 3396 annuo
506 3358 638 3399 addita
654 3359 835 3398 distantia
861 3359 1017 3411 perigaei
1049 3360 1149 3399 Solis

109 3419 135 3445 a
165 3407 292 3455 Luna,
322 3409 586 3461 sicque-fieret
615 3414 646 3451 C
670 3414 711 3451 D
733 3413 767 3451 F
784 3430 841 3451 =
859 3414 886 3465 ξ
905 3427 926 3453 c
943 3435 997 3445 —-
1019 3417 1067 3465 Ε)
1091 3414 1145 3467 ÷

112 3459 257 3499 PEet
273 3463 456 3512 quoniam
477 3463 517 3500 in
535 3478 581 3504 eo
599 3478 689 3505 casu
705 3474 762 3504 est
779 3466 910 3516 ἧσε
930 3467 964 3505 P
982 3472 1029 3519 Q
1060 3472 1087 3516 D
1108 3484 1146 3514 a,

108 3519 287 3568 et—Q
313 3517 425 3569 1⁶24
451 3516 1149 3572 PE=—-PQ,eritCDF=

112 3570 161 3619 Θ
192 3571 221 3617 1)
247 3586 286 3615 α,
313 3571 392 3607 sive
418 3569 490 3608 erit
515 3569 693 3610 distantia
724 3572 822 3611 Solis
848 3575 896 3611 ab
922 3586 1082 3625 apogoeo
1109 3574 1152 3612 in

109 3622 371 3662 antecedentia
397 3622 533 3672 posito,
561 3625 635 3662 hoc
653 3631 720 3668 est,
750 3625 1076 3674 complementum
1102 3626 1152 3666 ad

110 3674 240 3713 geon,
268 3675 380 3715 arcus
407 3693 433 3714 α
462 3680 489 3727 ))
521 3678 556 3716 P
576 3678 613 3715 Ε
638 3678 758 3730 ΕΘ,
785 3679 853 3730 qui
871 3691 982 3717 arcus
998 3687 1057 3719 est
1073 3680 1150 3719 dis-

111 3726 232 3767 tantia
269 3729 370 3768 Solis
403 3732 453 3769 ab
488 3743 648 3782 apogaeo
693 3744 765 3769 suo
803 3732 846 3769 in
881 3733 1152 3786 consequentia

110 3787 272 3831 sumpta,
292 3794 380 3836 quae
397 3791 455 3823 est
475 3783 576 3824 Solis
593 3785 788 3825 anomalia
807 3797 906 3824 vera.
937 3833 940 3836 Α

1207 3036 1312 3075 verse
1330 3051 1410 3075 esse
1427 3041 1752 3088 proportionalem
1768 3044 1973 3093 aequationi
1992 3047 2111 3083 centri
2136 3045 2248 3092 Solis,

1207 3097 1355 3128 constat
1374 3091 1506 3129 eadem
1525 3091 1851 3133 demonstratione
1878 3096 1956 3147 qua
1981 3097 2023 3135 in
2050 3099 2152 3137 notis
2180 3097 2249 3150 (ω)

1210 3150 1248 3180 et
1268 3141 1325 3195 (¹²)
1347 3156 1435 3194 pag·
1457 3150 1521 3184 96.
1551 3145 1599 3184 de
1627 3149 1907 3198 aequationibus
1933 3152 2073 3191 annuis
2099 3151 2250 3204 apogaei

1209 3202 1247 3233 et
1265 3195 1358 3233 nodi
1376 3197 1480 3235 idem
1498 3200 1702 3247 probatum
1721 3201 1810 3240 fuit.

1264 3268 1430 3307 Dicatur
1461 3283 1484 3308 a
1515 3272 1716 3310 mediocris
1734 3272 1913 3314 distantia
1932 3277 2064 3315 Terrae
2091 3290 2115 3315 a
2144 3276 2248 3325 Sole,

1201 3322 1346 3372 quaevis
1364 3322 1438 3359 alia
1457 3323 1637 3362 distantia
1655 3325 1805 3364 dicatur
1830 3342 1854 3365 a
1871 3330 1923 3377 ss
1939 3342 1976 3373 x,
2006 3338 2138 3368 motus
2164 3343 2248 3368 me-

1202 3375 1290 3413 dius
1307 3376 1428 3413 centri
1445 3376 1548 3414 orbis
1571 3377 1718 3416 lunaris
1746 3379 1788 3416 in
1815 3381 1994 3420 distantia
2022 3396 2046 3420 a
2072 3382 2116 3421 fit
2142 3396 2180 3429 o,
2208 3390 2249 3422 et

1202 3428 1293 3478 quia
1309 3428 1377 3466 ille
1393 3437 1522 3467 motus
1539 3439 1596 3468 est
1612 3430 1654 3468 in
1673 3432 1864 3480 triplicata
1889 3436 2037 3473 ratione
2056 3435 2247 3475 distantiae

1205 3480 1307 3519 Solis
1333 3493 1358 3519 a
1386 3480 1509 3521 Terra
1534 3482 1694 3530 inverse,
1728 3484 1769 3522 in
1800 3487 1876 3525 alia
1907 3489 2040 3538 quavis
2066 3487 2249 3528 distantia

1652 3549 1676 3574 a
1694 3539 1711 3566 3

1207 3567 1338 3607 Terrae
1357 3581 1380 3607 a
1401 3568 1489 3607 Sole
1507 3569 1579 3609 erit
1785 3584 1809 3610 o
1827 3580 1866 3612 et
1878 3573 2084 3614 formando
2098 3576 2246 3624 seriem,

1535 3653 1543 3655 ,,
1598 3627 1623 3653 a
1640 3616 1691 3666 ,ᾖ
1707 3629 1733 3655 x
1747 3607 1766 3635 ³

1204 3699 1277 3738 erit
1294 3713 1319 3739 ο
1336 3704 1387 3754 ss
1404 3673 1471 3774 ἒξ
1498 3715 1535 3750 o,
1563 3703 1632 3742 sed
1664 3704 1697 3743 si
1729 3704 1941 3756 fingeretur
1971 3717 2063 3744 eum
2097 3712 2251 3745 motum

1207 3787 1315 3840 sequi
1334 3787 1621 3839 proportionem
1640 3789 1830 3830 inversam
1850 3790 2086 3842 duplicatam
2104 3790 2250 3831 distan-
