2540 4296
290 273 391 319 134

686 480 1161 535 PROPOSITIO
1201 481 1327 534 XL.

795 267 1363 321 PHILOSOPHIAE
1403 269 1856 323 NATURALIS
1912 272 2029 336 [DE
2049 272 2249 324 Mum).
2276 274 2427 324 Svs'r.

1406 480 1855 536 THEOREMA
1896 481 2032 533 XX.

282 626 506 677 Cometas
533 625 586 674 in
611 624 905 675 sectionibus
930 626 1112 677 conicis
1136 625 1388 676 umbilicos
1414 625 1468 675 in
1491 634 1658 677 centro
1683 626 1814 678 Solis
1838 622 2128 675 habentibus
2152 624 2350 687 moveri,
2379 630 2427 674 et

422 714 587 764 radiis
611 714 682 763 ad
704 713 864 765 Solem
890 715 1049 765 ductis
1075 732 1222 766 areas
1247 714 1545 781 temporibus
1561 714 1973 783 proportionales
1996 712 2280 764 describere.

357 876 420 944 (¹¹)
463 876 615 928 Patet
650 894 745 945 per
788 875 964 928 Corol.
996 883 1042 928 1.
1073 876 1232 945 Prop.
1263 875 1430 929 XIII.
1460 875 1608 928 Libri
1624 875 1807 939 Primi,
1847 874 2092 929 collatum
2117 890 2236 925 cum
2264 873 2422 943 Prop.

279 961 436 1014 VIII.
465 963 599 1014 XII.
627 973 679 1015 et
706 963 870 1015 XIII.
900 962 1228 1019 LibriTertii.

351 1053 514 1103 Corol.
546 1059 592 1103 l.
635 1052 782 1104 Hinc
820 1052 863 1104 si
899 1061 1115 1104 cometae
1150 1052 1207 1102 in
1243 1050 1424 1103 orbem
1459 1051 1696 1115 redeunt,
1736 1050 1889 1103 orbes
1926 1060 2078 1104 erunt
2111 1049 2333 1119 ellipseS,
2373 1059 2424 1099 et

272 1150 508 1210 tempora
543 1142 807 1211 periodica
842 1151 995 1194 erunt
1030 1141 1099 1194 ad
1134 1151 1371 1212 tempora
1405 1142 1672 1212 periodica
1709 1142 2035 1212 planetarum
2061 1143 2123 1212 (⁰)
2149 1141 2203 1193 in
2243 1141 2422 1193 axium

269 1234 635 1303 principalium
660 1235 859 1287 ratione
884 1234 1261 1305 sesquiplicata.
1331 1233 1404 1305 (Ρ)
1433 1235 1666 1306 Ideoque
1691 1245 1906 1287 cometae
1930 1234 2157 1287 maxima
2183 1252 2250 1287 ex
2273 1244 2423 1304 parte

270 1343 428 1395 supra
450 1325 682 1394 planetas
698 1334 977 1389 versanteS,
1000 1335 1052 1378 et
1069 1344 1133 1378 eo
1151 1327 1363 1379 nomine
1382 1327 1534 1380 orbes
1555 1328 1738 1381 axibus
1756 1328 2037 1398 majoribus
2053 1327 2417 1391 describenteS,

321 1468 379 1521 (¹¹)
414 1471 437 1493 ¹*
474 1471 598 1508 Patet.
662 1469 860 1514 Quoniam
895 1477 1056 1508 cometae
1091 1476 1205 1508 motu
1241 1482 1314 1509 suo

265 1520 388 1559 lineas
411 1534 547 1560 curvas
573 1521 672 1560 circa
703 1522 833 1561 Solem
852 1522 1085 1569 describunt,
1114 1530 1161 1561 ut
1179 1535 1226 1560 ex
1245 1525 1313 1561 ob-

264 1574 541 1613 servationibus
560 1582 717 1622 constat,
739 1577 777 1615 vi
793 1575 926 1627 aliqua
943 1584 1095 1614 a‘motu
1113 1576 1314 1614 rectilineo

264 1626 543 1679 detorquentur
573 1630 660 1681 (per
687 1629 764 1681 leg.
797 1629 870 1679 L).
951 1629 1151 1676 Quoniam
1182 1636 1314 1667 autem

265 1681 348 1719 haec
379 1682 437 1719 vis
466 1694 556 1732 quae
580 1682 753 1731 planetas
780 1696 804 1721 a
834 1682 946 1721 lineis
972 1682 1084 1721 rectis
1110 1682 1315 1733 detorquet

262 1733 432 1773 maxime
468 1735 591 1773 tendit
626 1745 758 1774 versus
798 1736 929 1774 Solem
967 1744 1011 1775 ut
1046 1735 1136 1785 pote
1171 1748 1312 1786 corpus

264 1795 402 1825 caetera
432 1789 563 1826 omnia
594 1790 808 1839 systematis
838 1789 972 1828 solaris
1003 1802 1161 1839 corpora
1193 1789 1311 1841 longe

263 1853 460 1889 superaus,
495 1841 631 1889 eadem
657 1842 813 1894 quoque
841 1843 897 1880 vis
921 1843 963 1880 in
988 1853 1156 1882 cometas
1183 1843 1313 1882 Solem

264 1894 436 1933 maxime
463 1895 577 1933 debet
604 1896 801 1945 respicere.
876 1896 953 1936 Sed
983 1896 1040 1933 vis
1068 1896 1312 1935 acceleratrix

265 1945 308 1984 in
335 1947 498 1996 planetis
516 1955 573 1986 est
599 1948 641 1985 in
659 1948 857 1999 duplicata
873 1950 1022 1987 ratione
1040 1949 1312 1988 distantiarum

262 2012 286 2037 a
307 2001 396 2039 Sole
413 2000 562 2040 inversa
582 2002 721 2054 (Prop.
744 2003 875 2041 VIII.
895 2002 983 2041 Lib.
1007 2003 1132 2053 HL).
1178 2002 1312 2048 Quare

262 2054 425 2092 eandem
443 2067 597 2106 quoque
624 2056 754 2107 legem
771 2058 971 2094 observare
989 2056 1132 2095 debent
1150 2064 1313 2095 cometae

261 2118 351 2156 quae
383 2115 475 2146 sunt
504 2121 662 2157 corpora
694 2109 860 2159 planetis
888 2110 1041 2156 similia,
1073 2122 1119 2148 ac
1150 2109 1312 2158 proinde

264 2160 376 2212 (Cor.
404 2162 521 2211 Prop.
548 2162 683 2201 XIII.
705 2163 794 2201 Lib.
816 2163 850 2200 Ι.
869 2170 908 2201 et
929 2163 1046 2212 Prop.
1066 2163 1200 2201 XIII.
1221 2163 1311 2202 Lib.

263 2213 375 2264 III.)
396 2223 557 2253 cometae.
575 2228 655 2254 non
673 2229 783 2255 secus
801 2229 846 2254 ac
872 2216 1037 2266 planetae
1065 2216 1107 2253 in
1132 2216 1309 2255 sectioni-

260 2267 334 2304 bus
353 2268 496 2306 conicis
515 2269 718 2307 umbilicos
736 2269 777 2306 in
796 2278 927 2308 centro
955 2270 1055 2307 Solis
1081 2270 1311 2308 habentibus

260 2329 467 2359 moventur
493 2328 532 2359 et
557 2322 677 2360 radiis
708 2322 759 2360 ad
789 2322 918 2360 Solem
938 2323 1065 2361 ductis
1083 2335 1190 2360 areas
1208 2330 1308 2361 tem-

260 2373 419 2422 poribus
437 2374 741 2424 proportionales
769 2375 1004 2414 describunt.
1067 2376 1169 2414 Haec
1196 2374 1251 2415 ita
1268 2389 1309 2414 se

260 2427 415 2473 habent,
433 2429 476 2471 vsi
508 2428 575 2466 Sol
602 2441 623 2466 e
642 2428 729 2467 loco
748 2441 819 2467 suo
837 2429 1061 2467 nullatenus
1078 2436 1306 2477 moveatur3

261 2479 328 2518 sed
360 2481 536 2531 quamvis
569 2482 637 2521 Sol
666 2495 735 2531 per
769 2483 1035 2521 attractionem
1065 2482 1309 2531 planetarum

260 2540 446 2582 perpetuo
468 2542 579 2573 motu
593 2536 770 2586 agitetur,
788 2548 867 2573 non
881 2544 1013 2574 tamen
1031 2535 1148 2587 longe
1165 2536 1310 2575 recedit

260 2599 284 2624 a
302 2588 502 2625 communi
515 2589 711 2639 gravitatis
722 2596 851 2627 centro
863 2589 1104 2638 planetarum
1116 2590 1306 2636 omnium,

261 2637 428 2691 ideoque
455 2643 571 2679 etiam
600 2650 760 2681 cometae
784 2643 851 2693 qui
870 2643 911 2679 in
930 2643 1155 2693 regionibus
1172 2655 1195 2681 a
1218 2643 1308 2681 Sole

259 2694 431 2733 maxime
467 2694 609 2734 dissitis
641 2703 939 2742 commorantur,
971 2708 1050 2733 non
1076 2709 1309 2747 magnopere

260 2747 376 2797 hujus
394 2749 514 2786 centri
533 2748 653 2787 situm
679 2750 833 2787 turbare
859 2756 1031 2798 possunt.
1095 2748 1227 2794 Quare
1245 2761 1307 2787 or-

260 2800 428 2839 bitarum
447 2814 607 2840 suarum
625 2802 834 2841 umbilicus
861 2801 1083 2853 non‘longe
1102 2802 1258 2840 distabit
1284 2816 1308 2840 a

259 2861 392 2891 centro
414 2854 525 2901 Solis,
551 2867 596 2894 ac
623 2855 784 2905 proinde
812 2855 1020 2905 propositio
1045 2857 1127 2894 haec
1144 2868 1233 2893 vera
1251 2863 1308 2894 est

261 2907 566 2957 quamproxime.
642 2910 847 2954 Quantum
884 2907 1061 2947 accurate
1098 2909 1307 2947 observatis

259 2968 497 3000 cometarum
516 2962 686 3002 motibus
703 2969 903 3013 congruat,
924 2961 1068 3010 patebit
1084 2961 1277 3011 deinceps.

316 3018 405 3053 156.
455 3015 651 3064 Keplerus
681 3016 821 3065 aliique
853 3022 938 3064 post
962 3017 1060 3053 'eum
1097 3015 1306 3053 astronomi

261 3078 341 3104 non
359 3069 485 3117 pauci,
506 3078 673 3108 cometas
690 3069 732 3106 in
749 3068 861 3107 lineis
874 3068 986 3107 rectis
1004 3070 1145 3106 moveri
1165 3081 1305 3117 posue·

259 3128 364 3167 runt,
385 3130 424 3159 et
441 3120 532 3160 inde
549 3129 787 3160 cometarum
798 3121 1056 3172 quorumdam
1075 3121 1159 3159 loca
1177 3124 1305 3160 obser-

260 3174 478 3214 vationibus
510 3175 599 3213 satis
631 3188 803 3225 congrua
830 3174 980 3213 calculo
1010 3175 1301 3226 investigarunt.

264 3226 346 3265 Res
363 3227 418 3265 ita
437 3228 640 3266 succedere
658 3236 794 3277 potest,
815 3228 847 3266 si
865 3230 1085 3266 observetur
1098 3237 1247 3267 cometa
1263 3228 1307 3265 in

259 3278 307 3317 ea
326 3280 494 3329 [tantum
523 3282 655 3320 orbitae
689 3294 771 3320 suae
798 3289 906 3330 parte
933 3294 1020 3331 quae
1051 3295 1075 3320 a
1098 3280 1203 3320 recta
1225 3294 1307 3319 non

263 3333 435 3373 multum
453 3334 616 3373 differat.
676 3335 736 3373 Sit
759 3335 795 3372 A
815 3332 849 3372 P
867 3335 904 3372 V
922 3336 958 3373 Β
975 3336 1017 3379 C,
1038 3336 1155 3383 sectio
1173 3335 1308 3373 conica

258 3386 472 3425 admodum
491 3388 706 3426 excentrica
731 3387 774 3425 in
801 3388 915 3439 cujus
934 3388 1119 3427 umbilico
1136 3388 1258 3427 altero
1279 3388 1319 3427 S-

259 3440 493 3479 collocatum
511 3441 561 3480 sit
582 3441 681 3479 Solis
699 3449 888 3479 centrum.
949 3442 1151 3481 Ponamus
1177 3454 1306 3480 come·

258 3502 337 3530 tam
374 3495 578 3541 observari,
614 3495 711 3533 dum
744 3495 878 3533 orbitae
905 3507 987 3533 suae
1013 3503 1162 3545 partem
1194 3496 1232 3533 A
1256 3494 1305 3541 P,

258 3544 463 3595 describit;
493 3548 575 3586 fieri
602 3555 727 3597 potest
753 3555 798 3586 ut
824 3548 974 3599 reliquo
997 3556 1181 3597 tempore,
1210 3548 1307 3586 dum

260 3600 407 3638 scilicet
425 3614 448 3638 a
464 3600 551 3639 loco
572 3601 619 3646 P,
641 3614 709 3650 per
729 3601 781 3648 V,
807 3602 857 3648 B,
878 3601 927 3639 ad
946 3601 1076 3639 locum
1099 3603 1130 3640 C
1150 3613 1306 3650 promo-

257 3659 381 3698 vetur,
412 3654 454 3690 in
481 3653 657 3706 regiones
684 3654 958 3694 remotissimas
976 3654 1108 3693 abiens
1125 3654 1248 3693 oculis
1266 3667 1307 3692 se

257 3705 448 3744 subducat
465 3714 503 3744 et
521 3710 593 3746 sub
611 3707 728 3746 radiis
746 3707 933 3746 solaribus
947 3707 1142 3746 delitescat
1155 3719 1306 3756 respec-

256 3763 302 3794 tu
329 3760 579 3798 observatoris
605 3761 647 3798 in
677 3761 835 3799 Tellure
863 3759 965 3800 circa
987 3761 1116 3798 Solem
1139 3761 1166 3798 S
1185 3758 1303 3807 mota,

256 3810 318 3848 vel
356 3812 470 3851 etiam
507 3813 680 3851 accidere
720 3820 846 3862 potest
881 3820 938 3860 ut,
985 3821 1094 3851 motu
1136 3814 1306 3852 Telluris

256 3861 311 3901 ita
338 3863 528 3917 exigente,
558 3874 709 3905 cometa
739 3878 964 3916 percurrens
993 3867 1128 3905 orbitae
1155 3874 1303 3916 partem

1373 1469 1411 1509 A
1435 1470 1471 1510 P
1490 1471 1530 1508 V
1552 1472 1601 1517 B,
1635 1473 1707 1510 sub
1736 1470 1924 1510 solaribus
1953 1470 2069 1509 radiis
2100 1469 2354 1509 abscondatur
2380 1476 2420 1508 et

1365 1531 1461 1563 tunc
1473 1524 1645 1574 primum
1658 1527 1881 1563 observetur
1899 1523 1991 1562 cum
2003 1524 2053 1562 ad
2063 1523 2194 1562 locum
2210 1525 2245 1562 B
2259 1535 2418 1572 perven-

1365 1578 1450 1623 erit,
1480 1578 1624 1616 lineam
1649 1580 1683 1616 B
1703 1579 1736 1617 C
1763 1576 2035 1626 descripturus.
2090 1577 2143 1615 In
2160 1578 2234 1615 hoc
2252 1584 2418 1626 utroque

1369 1642 1460 1668 casu
1493 1631 1553 1670 via
1581 1639 1741 1670 cometae
1768 1644 1792 1670 a
1820 1629 1923 1669 linea
1949 1629 2053 1668 recta
2086 1642 2223 1678 parum
2251 1628 2415 1667 differet.

1368 1683 1420 1721 In
1447 1684 1573 1733 primo
1601 1697 1704 1731 casu,
1734 1691 1894 1722 cometae
1911 1697 1935 1723 a
1955 1683 2046 1722 Sole
2064 1684 2231 1732 absorpti
2258 1682 2418 1721 creden-

1366 1744 1443 1784 tur,
1477 1738 1569 1788 quia
1601 1738 1653 1776 ad
1688 1739 1819 1777 Solem
1851 1738 2088 1780 accedentes,
2120 1749 2190 1786 pro
2215 1736 2417 1774 destructis

1366 1790 1624 1829 habebuntur.
1685 1792 1737 1830 In
1756 1791 1877 1831 altero
1896 1804 2001 1837 casu,
2030 1803 2053 1829 e
2074 1791 2164 1829 Sole
2182 1790 2417 1827 videbuntur

1365 1856 1562 1895 emergere
1597 1846 1690 1896 quia
1723 1853 1818 1883 tunc
1863 1845 2036 1894 primum
2070 1857 2151 1882 sese
2187 1844 2416 1891 conspicuos

1365 1899 1626 1945 praebuerunt,
1661 1898 1758 1937 dum
1790 1912 1814 1936 a
1845 1899 1934 1941 Sole
1970 1898 2012 1935 in
2044 1903 2211 1935 remotas
2238 1895 2416 1946 regiones

1364 1949 1624 1991 discedebant.
1686 1951 1811 1992 Porri·
1839 1951 1937 1991 dum
1962 1958 2113 1990 cometa
2132 1963 2263 1991 versus
2283 1948 2415 1988 Solem

1357 2800 1566 2845 descendit,
1600 2796 1696 2849 puta
1726 2796 1822 2836 dum
1856 2796 1893 2834 A
1916 2795 1952 2834 P
1983 2795 2169 2844 percurrit
2194 2793 2327 2845 postea
2353 2797 2403 2835 ad

1366 2855 1494 2893 Solem
1514 2852 1698 2892 accedens
1716 2852 1788 2889 sub
1816 2849 1899 2900 ejus
1917 2848 2032 2888 radiis
2061 2849 2161 2894 latet,
2192 2848 2287 2899 puta
2305 2850 2402 2889 dum

1362 2909 1398 2946 P
1429 2908 1467 2947 V
1499 2908 1534 2945 B
1566 2904 1755 2949 describit,
1784 2902 2017 2954 tandemque
2048 2902 2145 2941 dum
2179 2903 2230 2941 ad
2265 2902 2402 2942 alteras

1361 2961 1461 3000 Solis
1478 2967 1604 3012 partes
1622 2956 1750 2996 subito
1774 2956 1947 3007 emergit,
1977 2964 2186 3005 usurpatur
2203 2955 2305 3006 saepe
2331 2970 2401 3006 pro

1357 3026 1458 3053 novo
1485 3019 1635 3052 cometa
1660 3024 1684 3049 a
1713 3009 1832 3059 priori
1862 3010 1903 3047 in
1940 3010 1979 3048 A
2002 3010 2037 3048 P
2057 3011 2217 3056 diverso,
2244 3019 2284 3048 et
2308 3010 2397 3048 duae

1355 3075 1469 3106 rectae
1501 3068 1539 3106 A
1561 3066 1608 3111 P,
1640 3065 1677 3106 B
1701 3065 1733 3103 C
1760 3075 1830 3113 pro
1848 3062 2000 3102 duabus
2018 3063 2239 3115 trajectoriis
2256 3064 2400 3102 haben-

1357 3128 1431 3159 tur.
1485 3121 1548 3159 Ex
1567 3120 1628 3157 his
1645 3125 1750 3167 patet
1767 3129 1837 3155 cur
1854 3117 2079 3168 trajectoriae
2094 3116 2313 3161 rectilineae,
2331 3119 2400 3155 ob-

1357 3173 1513 3212 servatis
1539 3179 1778 3211 cometarum
1803 3170 1973 3208 motibus
1999 3169 2226 3220 plerumque
2243 3182 2399 3219 respon.

1356 3226 1485 3266 deant.
1547 3227 1596 3265 Id
1621 3225 1666 3263 fit
1694 3224 1835 3262 scilicet
1862 3223 1909 3262 εό
1935 3222 2040 3273 quod
2066 3223 2195 3273 aliqua
2212 3223 2401 3262 duntaxat

1355 3282 1481 3329 portio
1506 3278 1730 3331 trajectoriae
1757 3290 1827 3327 pro
1852 3275 2002 3327 integra
2020 3274 2234 3327 trajectoria
2260 3277 2399 3315 habea-

1336 3327 1431 3372 tur.
1495 3335 1553 3372 At
1580 3333 1611 3372 si
1637 3339 1716 3370 tota
1742 3329 1859 3368 simul
1884 3329 2144 3368 consideretur
2170 3337 2249 3368 tam
2273 3329 2314 3366 in
2341 3343 2399 3368 as-

1356 3399 1475 3425 censu
1506 3398 1639 3425 versus
1673 3383 1803 3422 Solem
1833 3381 1952 3434 quam
1983 3383 2025 3420 in
2056 3381 2256 3428 descensu,
2284 3382 2402 3421 aliam

1358 3434 1508 3478 nullam
1544 3445 1682 3489 praeter
1716 3436 1925 3475 sectionem
1970 3435 2143 3475 conicam
2187 3435 2401 3475 satisfacere

1357 3493 1557 3532 constabit.

1411 3547 1466 3598 (⁰)
1498 3549 1520 3571 ¹¹*
1549 3543 1602 3586 In.
1628 3546 1757 3584 axium
1787 3544 2064 3594 principalium
2087 3544 2235 3586 racione
2260 3542 2401 3594 sesqui-

1352 3598 1515 3651 plicatci.
1575 3599 1713 3651 (Prop.
1741 3597 1839 3635 XV.
1868 3598 1957 3636 Lib.
1985 3596 2041 3647 1.)

1415 3653 1488 3706 (P)
1510 3656 1531 3677 ¹⁸
1554 3652 1717 3702 Ide6que
1735 3658 1886 3690 cometae
1903 3648 2070 3690 maxima
2088 3663 2131 3688 ex
2152 3656 2263 3699 parte
2279 3647 2398 3698 supr&

1353 3708 1530 3756 planetas
1556 3712 1758 3748 versantes,
1788 3716 1866 3754 quo
1893 3711 2063 3752 tempore
2094 3702 2236 3739 scilicet
2266 3701 2401 3739 oculos

1359 3768 1507 3797 nostros
1533 3758 1704 3810 fugiunt,
1733 3765 1772 3795 et
1798 3769 1844 3794 eo
1865 3757 2023 3794 nomine
2040 3757 2149 3793 orbes
2167 3755 2300 3792 axibus
2318 3766 2402 3792 ma-

1353 3812 1505 3863 joribus
1524 3820 1642 3863 quum'
1655 3811 1825 3861 planetae
1842 3808 2097 3847 describentes
2115 3807 2259 3846 tardius
2276 3807 2400 3845 revol-

1357 3873 1504 3903 ventur.
