2540 4296
100 175 285 228 LIBER
312 174 608 237 Teamus]
685 170 1086 224 PRINCIPIA
1127 166 1749 222 MATHEMATICA,
2139 174 2239 221 105

101 329 242 370 recta
267 316 530 385 duplicata
572 316 625 367 in
671 316 770 368 situ
795 313 1041 383 parallelo
1078 313 1144 364 ad
1182 312 1475 364 distantiam
1514 312 1792 381 superioris
1830 310 2060 362 umbilici
2099 312 2240 364 orbis

103 408 271 460 Lunae
296 426 327 457 a
354 404 536 468 Terra,
585 403 844 456 subtendit
869 402 1087 453 eundem
1118 401 1381 471 angulum,
1428 420 1580 470 quem
1625 401 1801 470 utique
1843 399 2110 451 translatio
2151 401 2239 451 illa

98 504 314 566 generat
350 494 403 544 in
439 503 584 544 motu
609 491 853 553 umbilici,
898 500 948 541 et
985 490 1051 541 ad
1089 490 1379 541 distantiam
1409 489 1577 540 Lunae
1602 508 1633 540 a
1660 487 1824 541 Terra
1871 489 1933 557 (P)
1975 488 2239 540 subtendit

104 582 347 653 angulum
373 600 524 651 quem
551 580 730 632 eadem
755 578 1021 630 translatio
1045 587 1259 648 generat
1282 576 1336 626 in
1361 587 1505 628 motu
1533 577 1717 640 Lunae,
1747 577 1937 647 quique
1961 586 2236 645 propterea

98 673 322 742 aequatio
348 672 511 724 centri
537 669 762 722 secunda
788 669 889 720 dici
914 679 1097 737 potest.
1176 668 1246 719 Et
1269 668 1383 718 haec
1407 669 1647 737 aequatiO,
1687 668 1742 720 in
1778 669 2028 720 mediocri
2065 668 2233 720 Lunae

98 760 334 814 diStantia
360 779 391 810 a
416 758 599 820 Terra,
641 766 718 808 est
755 768 811 808 ut
849 758 985 808 sinus
1012 756 1203 828 anguli,
1244 773 1398 825 quem
1430 764 1569 806 recta
1592 756 1681 807 illa
1716 756 1772 809 D
1802 757 1847 808 F
1885 775 2003 808 cum
2028 755 2164 808 recta
2204 776 2233 807 a

94 860 290 918 puncto
332 848 377 899 F
414 847 480 898 ad
519 847 724 898 Lunam
752 846 906 897 ducta
933 846 1159 897 continet
1183 843 1593 914 quamproxime,
1642 855 1694 896 et
1736 845 1827 896 ubi
1866 846 2094 897 maxima
2136 857 2228 908 est,

95 938 263 989 evadit
289 938 354 988 2¹.
384 938 499 987 25·''.
579 939 621 1004 (q
626 936 642 1001 )
685 935 925 1006 Angulus
952 945 1121 986 aut-em
1149 952 1304 1004 quem
1326 943 1467 985 recta
1502 933 1556 984 D
1588 934 1632 985 F
1658 943 1710 985 et
1732 944 1874 986 recta
1898 954 1929 986 a
1952 946 2148 1004 puncto
2187 936 2231 986 F

91 1026 158 1078 ad
202 1026 407 1076 Lunam
456 1024 610 1075 ducta
661 1024 1119 1092 comprehendunt,
1171 1022 1429 1075 invenitur
1466 1022 1547 1074 vel
1590 1022 1928 1075 subducendo
1970 1024 2230 1110 angulum

93 1114 140 1166 E
165 1114 220 1167 D
250 1114 294 1164 F
329 1113 395 1163 ab
433 1113 687 1163 anomalia
711 1113 880 1163 media
906 1113 1090 1175 Lunae,
1129 1112 1210 1164 vel
1246 1112 1486 1165 addendo
1524 1112 1818 1164 distantiam
1845 1113 2014 1164 Lunae
2042 1133 2072 1164 a
2101 1113 2222 1166 Sole

90 1201 156 1253 ad
181 1201 475 1253 distantiam
500 1201 701 1272 apogaei
728 1201 895 1252 Lunae
921 1202 986 1253 ab
1010 1219 1227 1272 apogaeo
1256 1202 1408 1258 Solis.
1484 1201 1554 1253 Et
1578 1212 1636 1254 ut
1658 1202 1833 1254 radius
1860 1212 1938 1254 est
1962 1202 2029 1254 ad
2056 1203 2226 1254 sinum

88 1399 189 1436 linea
207 1408 275 1445 per
310 1395 341 1434 C
370 1402 409 1432 et
436 1395 457 1432 f
483 1394 599 1432 ducta
617 1394 719 1432 cadit
738 1394 852 1433 etiam
880 1395 921 1432 in
953 1396 996 1440 F,
1026 1396 1128 1434 sumi
1181 1395 1288 1434 sinus
1307 1396 1424 1434 trium
1443 1399 1493 1436 87
1513 1401 1595 1436 .27·
1655 1397 1707 1435 In
1725 1396 1809 1435 aliis
1828 1404 1960 1435 autem
1977 1398 2095 1448 hujus
2112 1397 2226 1436 lineae

88 1458 211 1500 potest
232 1449 264 1487 F
282 1457 327 1486 ut
345 1460 456 1485 verus
474 1448 581 1485 locus
599 1448 719 1485 centri
738 1448 869 1486 orbitae
888 1447 1044 1486 lunaris.

135 1502 337 1542 Invenitur
351 1509 481 1538 autem
496 1501 658 1550 aequatio
672 1502 840 1539 maxima
849 1508 932 1540 orta
943 1514 987 1539 ex
1001 1515 1126 1541 errore

91 1593 142 1640 ss‘
157 1570 207 1660 -Ξ-
224 1601 272 1636 ο;
293 1587 324 1625 si
343 1587 561 1626 attendatur
578 1587 682 1638 quod
703 1586 802 1627 Solis
819 1596 948 1647 motus
966 1598 1023 1626 est
1040 1589 1126 1627 ubi-

311 1680 375 1712 ΩΧ
707 1687 733 1712 x

85 1721 161 1760 que
183 1720 221 1745 m
240 1711 282 1760 ’.ῖ-
309 1731 375 1780 -g-
394 1719 446 1753 m,
467 1706 545 1743 sive
563 1718 603 1743 m
627 1722 667 1758 4
698 1729 748 1778 Ξ-
768 1711 810 1754 ><
841 1711 866 1745 2
893 1719 935 1745 m
961 1705 1128 1757 ideoque

921 1804 947 1829 x

86 1839 279 1866 summam
300 1826 476 1864 omnium
500 1836 671 1862 errorum
690 1838 738 1863 ex
756 1837 881 1864 errore
911 1848 962 1896 -x-
990 1838 1014 1863 ο
1042 1825 1124 1865 fore

85 1914 136 1952 ad
169 1926 359 1951 summam
397 1911 573 1950 omnium
608 1923 780 1950 errorum
810 1912 852 1949 in
886 1911 983 1949 Solis
1014 1921 1123 1951 motu

84 1966 303 2018 genitorum
322 1974 366 2003 ut
384 1980 408 2004 0
427 1965 475 2003 ad
496 1969 519 2001 2
537 1977 590 2011 m,
617 1965 695 2003 sive
713 1964 968 2015 aequationem
986 1967 1122 2015 quaesi-

86 2028 167 2058 tam
186 2033 266 2057 esse
284 2019 332 2057 ad
351 2018 608 2069 aequationem
625 2018 722 2055 Solis
737 2026 781 2056 ut
795 2026 851 2056 est
865 2025 992 2056 motus
1002 2020 1122 2057 centri

83 2074 217 2112 orbitae
235 2073 379 2110 lunaris
397 2084 464 2121 per
481 2070 670 2108 circulum
692 2072 727 2109 B
751 2072 792 2109 D
815 2073 851 2109 A
880 2071 929 2109 ad
957 2071 1122 2121 duplum

84 2134 237 2164 motum
262 2126 435 2167 medium
458 2123 556 2161 Solis
581 2131 753 2173 respectu,
781 2123 841 2161 sui
867 2125 1026 2174 apogaei,
1055 2125 1122 2163 sed

7 2229 14 2231 Α
80 2179 264 2229 quoniam
282 2191 392 2216 arcus
413 2178 448 2215 B
471 2177 512 2215 D
532 2185 621 2214 sunt
639 2189 787 2226 semper
804 2177 913 2226 dupli
932 2178 1121 2216 distantiae

86 2232 185 2270 Solis
213 2233 260 2269 ab
292 2243 450 2281 apogaeo
480 2230 617 2275 Lunae,
650 2239 779 2268 motus
810 2230 974 2268 diurnus
1000 2233 1121 2269 centri

82 2286 183 2323 orbis
213 2284 358 2322 lunaris
386 2296 454 2332 per
485 2283 674 2321 circulum
708 2285 741 2321 B
778 2284 817 2321 D
856 2284 894 2320 A
921 2291 978 2321 est
1005 2285 1120 2322 etiam

82 2337 224 2386 duplus
267 2337 396 2374 motus
434 2336 531 2374 Solis
566 2338 613 2373 ab
649 2349 807 2387 apogaeo
844 2336 984 2383 Lunae,
1030 2337 1120 2375 hinc

83 2391 247 2440 aequatio
275 2390 434 2439 quaesita
462 2396 519 2425 est
547 2388 597 2425 ad
625 2390 835 2426 maximam
864 2389 1120 2439 aequationem

86 2444 183 2481 Solis
203 2450 247 2481 ut
266 2450 322 2480 est
335 2443 463 2480 radius
481 2442 521 2479 D
540 2442 572 2479 C
591 2441 641 2480 ad
654 2442 871 2479 distantiam
888 2443 1119 2480 mediocrem

86 2497 185 2534 Solis
202 2510 225 2534 a
246 2495 364 2534 Terra
392 2501 432 2532 et
447 2501 502 2542 ⁸ut
529 2493 672 2542 duplus
690 2502 817 2532 motus
836 2494 999 2533 diurnus
1021 2495 1120 2533 Solis

81 2551 129 2587 ab
156 2561 315 2600 apogaeo
336 2549 461 2586 Lunae
489 2546 539 2585 ad
565 2546 729 2595 duplum
757 2555 906 2585 motum
934 2549 1118 2586 diurnum

86 2602 186 2640 Solis
201 2604 250 2640 ab
268 2614 426 2651 apogaeo
444 2613 514 2638 suo
533 2600 781 2650 conjunctim,
801 2601 969 2639 maxima
987 2609 1118 2639 autem

85 2655 185 2694 Solis
205 2654 369 2705 aequatio
396 2661 453 2692 est
479 2654 561 2702 ipsa
587 2653 707 2702 dupla
727 2653 990 2692 excentricitas
1017 2654 1117 2692 orbis

81 2708 224 2758 magui,
245 2708 334 2745 hinc
354 2706 518 2757 aequatio
531 2706 690 2756 quaesita
702 2706 780 2744 sive
798 2706 928 2744 radius
949 2708 990 2745 D
1009 2707 1042 2745 F
1061 2715 1117 2745 est

80 2760 130 2798 ad
148 2761 306 2810 duplam
319 2759 642 2798 excentricitatem
659 2767 706 2798 ut
722 2760 763 2797 D
782 2761 813 2798 C
828 2759 879 2798 ad
897 2760 1114 2798 distantiam

80 2814 312 2852 mediocrem
339 2813 437 2852 Solis
454 2826 477 2850 a
498 2810 630 2858 Terra,
660 2820 699 2851 et
724 2820 770 2851 ut
796 2821 927 2851 motus
953 2813 1118 2851 diurnus

84 2865 182 2906 solis
200 2869 247 2904 ab
266 2879 423 2917 apogaeo
439 2866 568 2903 Lunae
586 2865 636 2903 ad
652 2873 802 2903 motum
818 2866 1001 2904 diurnum
1018 2866 1117 2905 Solis

80 2922 129 2957 ab
161 2932 319 2969 apogaeo
350 2932 420 2956 suo
452 2918 702 2968 conjunctim,
732 2918 837 2957 unde
864 2920 1027 2957 vicissim
1060 2927 1116 2958 est

79 2973 194 3010 etiam
217 2973 256 3011 D
279 2972 311 3009 F
328 2972 378 3010 ad
399 2972 440 3009 D
463 2972 495 3010 C
516 2978 560 3009 ut
577 2971 696 3021 dupla
723 2973 984 3010 excentricitas
1002 2972 1118 3011 ducta

78 3038 147 3074 per
165 3033 316 3062 motum
334 3025 520 3063 diurnum
543 3025 640 3062 Solis
658 3027 705 3063 ab
723 3038 882 3075 apogaeo
904 3026 1044 3071 Lunae,
1067 3026 1116 3064 ad

79 3078 295 3116 distantiam
322 3078 554 3115 mediocrem
578 3077 676 3115 Solis
693 3091 716 3115 a
737 3077 857 3116 Terra
874 3078 1031 3117 ductam
1049 3090 1117 3127 per

78 3139 230 3169 motum
247 3131 431 3169 diurnum
452 3130 551 3168 Solis
569 3132 617 3168 ab
635 3142 793 3182 apogaeo
812 3143 893 3169 suo-

133 3218 189 3271 (¹³)
212 3221 233 3243 ¹*
256 3219 452 3257 Subtendit
463 3220 654 3268 angulum
672 3231 785 3270 quem
803 3221 933 3256 eadem
952 3221 1114 3257 transla-

78 3274 129 3311 tio
144 3279 300 3320 generat
325 3273 369 3309 in
396 3278 503 3309 motu
523 3272 663 3310 Lunae.
725 3270 876 3309 Scilicet
894 3278 976 3309 tota
994 3271 1117 3309 orbita

80 3325 221 3369 Lunae,
249 3324 405 3373 ipsaque
425 3323 541 3361 Luna
568 3336 634 3372 per
659 3331 810 3361 motum
838 3323 956 3360 centri
984 3324 1115 3362 orbitae

79 3390 126 3415 ex
149 3378 219 3414 D
209 3389 251 3412 m
273 3377 305 3413 F
323 3375 548 3414 translatum
566 3388 613 3414 ex
631 3376 785 3425 proprio
799 3376 885 3414 loco
902 3383 1008 3414 mota
1025 3389 1115 3414 cen-

79 3430 154 3468 seri
172 3429 285 3467 debet
302 3429 341 3466 in
362 3428 493 3466 locum
511 3428 631 3466 alium
649 3441 717 3477 per
730 3429 872 3467 lineam
885 3429 1005 3478 ipsius
1025 3430 1064 3466 D
1083 3429 1117 3468 F

79 3482 241 3531 duplam
258 3481 406 3542 ipsique
424 3481 667 3529 parallelam,
656 3496 666 3505 ·
687 3480 776 3520 cum
794 3482 923 3531 itaque
937 3482 1117 3520 distantia

79 3535 282 3573 mediocris
300 3535 348 3572 sit
365 3534 533 3583 partium
557 3539 642 3572 loo.
645 3539 739 3578 000,
761 3534 793 3572 si
810 3536 892 3572 haec
910 3534 1012 3573 linea
1029 3547 1116 3585 quae

82 3587 274 3652 duplicata
288 3595 345 3625 est
366 3592 417 3625 70
435 3591 489 3633 .,4
505 3586 696 3638 angulum
708 3594 857 3625 rectum
870 3600 961 3626 cum
979 3587 1080 3625 linea
1093 3601 1117 3627 a

82 3638 204 3678 Terra
221 3641 337 3679 ducta
354 3640 505 3686 efficiat,
533 3652 612 3689 quo
635 3650 725 3677 casu
752 3639 961 3684 maximam
986 3652 1115 3691 aequa-

79 3693 226 3732 tionem
252 3693 355 3739 facit,
387 3693 470 3743 ipsa
496 3692 701 3731 subtendet
725 3692 917 3744 angulum
944 3695 993 3732 2¹.
1025 3692 1108 3732 25¹¹.

81 3745 268 3796 siquidem
293 3746 400 3785 sinus
421 3744 590 3785 duorum
613 3746 853 3784 minutorum
882 3753 939 3785 est
966 3750 1015 3786 58
1044 3750 1113 3787 ,18

1180 1449 1433 1498 positionibus
1445 1457 1619 1498 respectu
1632 1449 1744 1488 lineae
1762 1464 1785 1488 a
1799 1449 1920 1488 Terra
1931 1450 2068 1495 ductae,
2090 1453 2223 1501 anguli

1180 1515 1277 1552 quos
1303 1502 1507 1540 subtendet
1526 1510 1641 1541 erunt
1657 1503 1705 1541 ad
1725 1503 1842 1541 istum
1871 1512 1917 1541 ut
1945 1512 2001 1541 est
2019 1504 2127 1541 sinus
2154 1518 2223 1542 an-

1179 1555 1263 1605 guli
1287 1568 1404 1605 quem
1432 1556 1526 1593 facit
1555 1569 1646 1593 cum
1673 1556 1786 1593 lineis
1818 1570 1841 1593 a
1874 1555 1996 1594 Terra
2022 1557 2148 1595 ductis
2174 1558 2224 1596 ad

1178 1608 1354 1654 radium;
1384 1621 1473 1647 nam
1492 1610 1534 1645 in
1553 1609 1756 1659 triangulis
1774 1609 1816 1645 in
1833 1609 1974 1659 quibus
1992 1609 2081 1647 duae
2109 1610 2222 1648 lineae

1179 1669 1270 1699 sunt
1288 1668 1515 1708 constantes,
1544 1662 1611 1699 sed
1629 1674 1763 1699 earum
1781 1662 1950 1713 angulus
1967 1663 2167 1709 variabilis,
2191 1665 2223 1701 si

1177 1727 1257 1752 una
1289 1727 1334 1751 ex
1364 1714 1410 1751 iis
1441 1715 1552 1752 lineis
1580 1715 1737 1753 alterius
1766 1723 1941 1763 respectu
1969 1714 2018 1752 sit
2045 1716 2218 1761 minima,

1177 1768 1288 1805 tertia
1306 1767 1408 1805 linea
1425 1780 1493 1816 pro
1512 1776 1709 1806 constante
1727 1768 1870 1806 assumi
1888 1776 2025 1817 potest,
2055 1777 2112 1806 est
2129 1769 2221 1808 vero

1176 1821 1224 1858 ad
1244 1820 1443 1857 minimam
1462 1821 1614 1867 lineam,
1631 1831 1675 1858 ut
1694 1822 1801 1859 sinus
1814 1822 1949 1871 anguli
1964 1821 2153 1860 varIabilis
2172 1822 2222 1860 ad

1176 1874 1306 1912 sinum
1325 1874 1459 1924 anguli
1478 1875 1640 1923 oppositi
1661 1875 1832 1912 minimae
1852 1875 1983 1921 lineae3
2004 1875 2094 1912 hinc
2113 1875 2221 1913 sinus

1176 1927 1311 1977 anguli
1329 1927 1519 1965 variabilis
1546 1935 1584 1965 et
1611 1929 1717 1965 sinus
1736 1928 1871 1978 anguli
1899 1927 2051 1965 minimi
2070 1937 2160 1967 sunt
2177 1930 2220 1966 in

1175 1981 1324 2018 ratione
1349 1979 1449 2018 data.
1513 1981 1621 2031 Ergo
1649 1990 1693 2019 ut
1721 1982 1828 2019 sinus
1854 1981 1989 2032 anguli
2017 1981 2111 2019 recti
2140 1982 2219 2020 sive

1175 2033 1304 2071 radius
1333 2034 1382 2071 ad
1412 2033 1460 2071 2'·
1497 2034 1578 2071 25⁶.
1616 2034 1670 2072 ita
1700 2035 1807 2071 sinus
1836 2034 1971 2085 anguli
1990 2047 2106 2084 quem
2125 2035 2219 2074 facit

1173 2085 1277 2124 linea
1305 2100 1327 2123 a
1363 2086 1482 2124 Terra
1515 2086 1631 2125 ducta
1662 2100 1753 2126 cum
1783 2087 1926 2124 lineola
1956 2088 2140 2137 parallela
2166 2088 2216 2127 ad

1176 2139 1217 2176 D
1253 2139 1295 2184 F,
1329 2140 1378 2177 ad
1410 2139 1601 2190 angulum
1633 2153 1712 2190 quo
1740 2141 1849 2179 locus
1882 2140 2011 2179 Lunae
2043 2148 2217 2181 mutatus

1171 2193 1349 2230 cernitur,

1227 2262 1283 2314 (q)
1307 2266 1326 2287 ³¹⁶
1346 2264 1526 2313 Angulus
1543 2273 1671 2303 autem
1689 2278 1800 2315 quem
1819 2263 1912 2302 facit
1931 2262 2034 2302 linea
2052 2278 2075 2303 a
2097 2265 2217 2304 Terra

1172 2316 1288 2353 ducta
1306 2329 1395 2353 cum
1413 2317 1556 2354 lineola
1575 2317 1755 2366 parallela
1782 2317 1831 2355 ad
1862 2318 1903 2354 D
1927 2318 1972 2364 F,
2001 2327 2040 2355 et
2066 2319 2107 2355 in
2126 2320 2212 2368 ipso

1171 2369 1255 2406 loco
1285 2368 1412 2406 Lunae
1444 2370 1577 2417 posita,
1613 2370 1771 2421 aequalis
1801 2379 1857 2408 cst
1888 2370 1945 2407 illi
1975 2383 2090 2421 quem
2123 2372 2216 2410 facit

1171 2430 1273 2459 recta
1293 2422 1331 2458 D
1349 2422 1382 2459 F
1400 2430 1438 2459 et
1457 2430 1559 2460 recta
1577 2436 1600 2460 a
1618 2432 1763 2472 puncto
1785 2424 1818 2461 F
1837 2424 1887 2461 ad
1907 2424 2066 2461 Lunam
2081 2424 2211 2472 ducta,

1170 2473 1303 2511 saltem
1323 2474 1496 2523 proxime
1523 2477 1613 2526 quia
1644 2477 1677 2514 F
1704 2484 1760 2513 est
1787 2483 1963 2514 centrum
1991 2478 2123 2515 orbitae
2150 2479 2212 2516 lu-

1168 2528 1270 2564 naris
1288 2540 1311 2564 a
1328 2540 1406 2577 quo
1433 2529 1553 2565 Terra
1572 2541 1649 2566 non
1668 2530 1838 2567 multum
1858 2528 1998 2576 distat;
2028 2531 2209 2580 fingatur,

1170 2580 1329 2628 produci
1348 2581 1489 2618 lineam
1512 2581 1553 2618 D
1573 2582 1604 2619 F
1622 2590 1659 2620 et
1678 2594 1724 2619 ex
1743 2590 1889 2631 puncto
1912 2582 1944 2619 F
1958 2582 2047 2621 duci
2067 2583 2211 2622 lineam

1169 2633 1390 2682 parallelam
1409 2634 1521 2671 lineae
1544 2635 1584 2671 D
1606 2635 1655 2680 E,
1679 2648 1767 2685 quae
1785 2634 1836 2673 ad
1854 2648 2058 2685 apogaeum
2080 2637 2209 2675 Lunae

1168 2687 1303 2732 tendit,
1325 2695 1362 2724 et
1381 2699 1428 2724 ex
1448 2686 1581 2724 eodem
1602 2696 1747 2737 puncto
1770 2688 1803 2726 F
1821 2688 1937 2726 aliam
1956 2688 2046 2726 duci
2065 2689 2209 2728 lineam

1168 2738 1218 2777 ad
1240 2740 1407 2785 Lunam,
1428 2741 1597 2791 angulus
1615 2741 1730 2792 hujus
1749 2742 1860 2778 lineae
1879 2754 1970 2779 cum
1991 2742 2092 2779 linea
2111 2744 2151 2780 D
2170 2744 2207 2782 E

1170 2792 1241 2830 erit
1258 2793 1448 2830 anomalia
1466 2793 1595 2831 media
1617 2794 1768 2841 Lunae3
1795 2807 1888 2845 ergo
1906 2794 2074 2845 angulus
2092 2797 2211 2848 hujus

1168 2845 1281 2883 lineae
1306 2858 1395 2883 cum
1414 2845 1519 2883 linea
1549 2847 1590 2884 D
1622 2847 1656 2885 F
1682 2848 1867 2896 producta
1894 2848 1966 2885 erit
1993 2848 2210 2889 differentia

1169 2898 1303 2959 anguli
1333 2899 1369 2936 E
1393 2899 1434 2936 D
1458 2899 1490 2936 F
1517 2907 1555 2937 et
1582 2901 1784 2938 anomaliae
1802 2900 1939 2938 mediae
1961 2901 2099 2947 Lunae,
2129 2902 2209 2943 sive

1170 2954 1261 3001 quia
1278 2959 1358 2989 erat
1380 2953 1416 2990 E
1432 2952 1472 2990 D
1490 2953 1523 2990 F
1541 2952 1757 2992 differentia
1776 2954 1996 3004 argumenti
2014 2955 2148 3001 annui,
2170 2964 2209 2994 et

1169 3004 1358 3042 distantiae
1386 3005 1534 3056 apogaei
1563 3006 1692 3044 Lunae
1720 3020 1744 3045 a
1773 3008 1938 3057 perigaeo
1969 3007 2067 3045 Solis
2097 3008 2130 3045 si
2160 3022 2209 3047 ex

1169 3058 1360 3095 anomalia
1395 3059 1523 3096 media
1560 3059 1689 3097 Lunae
1725 3060 1891 3105 tollatur,
1933 3068 2210 3110 argumentum

1168 3123 1345 3148 annuum
1375 3118 1546 3160 superest
1574 3111 1763 3151 distantiae
1797 3114 1926 3151 Lunae
1954 3126 1978 3151 a
2011 3114 2107 3158 Sole,
2144 3114 2209 3155 cui

1168 3163 1257 3200 addi
1289 3163 1403 3202 debet
1433 3164 1612 3202 distantia
1642 3166 1790 3217 apogaei
1822 3166 1949 3203 Lunae
1982 3174 2021 3203 et
2051 3167 2209 3218 perigaei

1172 3216 1281 3262 Solis,
1312 3216 1390 3254 sive
1418 3217 1526 3269 (quia
1544 3216 1792 3257 semi-circuli
1810 3218 1930 3256 additi
1958 3219 2019 3256 vel
2046 3219 2208 3259 detracti
2238 3217 2240 3219 ’

1168 3281 1248 3306 non
1266 3277 1419 3308 mutant
1437 3269 1583 3308 valores
1609 3271 1842 3322 angulorum
1862 3284 2074 3321 eorumque
2100 3272 2209 3311 sinu·-

1168 3322 1255 3371 um)
1289 3322 1469 3360 distantia
1500 3324 1648 3374 apogaei
1677 3325 1805 3362 Lunae
1833 3332 1871 3362 et
1897 3324 2046 3374 apogaei
2077 3325 2205 3365 Solis.

1168 3383 1303 3413 caetera
1329 3375 1441 3414 facile
1467 3377 1653 3424 patebunt
1681 3389 1728 3414 ex
1756 3377 1895 3437 tigurae
1926 3376 2206 3425 descriptione·
2192 3408 2206 3427 ‚

1168 3427 1390 3476 exemplum
1409 3437 1491 3467 esto
1508 3428 1550 3465 in
1570 3429 1844 3481 conjunctione
1862 3429 1928 3467 ubi
1948 3438 2005 3468 est
2027 3435 2074 3483 Θ
2098 3431 2210 3471 locus

1172 3481 1272 3519 Solis
1299 3488 1338 3518 et
1358 3482 1497 3528 Lunae,
1525 3481 1646 3531 liquet
1662 3482 1766 3520 enim
1785 3481 1889 3533 quod
1907 3486 2063 3532 quando
2074 3497 2206 3533 punc-

1168 3540 1254 3571 tum
1284 3538 1333 3586 Θ
1356 3542 1413 3572 est
1439 3535 1481 3571 in
1508 3536 1782 3584 consequentia
1799 3543 1973 3584 respectu
1991 3536 2128 3586 puncti
2159 3537 2204 3583 F,

1169 3587 1287 3626 Luna
1316 3600 1404 3638 quae
1439 3587 1666 3625 transfertur
1699 3600 1768 3637 per
1802 3587 1946 3625 lineam
1982 3590 2205 3639 parallelam

1168 3639 1281 3678 lineae
1312 3642 1353 3679 D
1376 3640 1410 3678 F
1436 3640 1693 3679 transfertur
1681 3652 1723 3678 m
1739 3640 2028 3690 antecedentia;
2058 3643 2154 3682 dum
2182 3656 2205 3681 e

1167 3692 1505 3743 contra,punctum
1527 3698 1575 3747 Θ
1598 3702 1654 3732 est
1681 3694 1721 3731 in
1748 3693 2012 3735 antecedentia
2027 3703 2204 3745 respectu

1167 3748 1304 3798 puncti
1340 3746 1385 3794 1⁴,
1426 3746 1544 3786 Luna
1575 3748 1801 3786 transfertur
1828 3747 1869 3785 in
1905 3749 2202 3803 consequentia3
