2540 4296
89 313 276 366 erm
302 309 601 372 Tam-ms]
644 304 1047 360 PRINCIPIA
1088 299 1708 357 MATHEMATICA.

87 466 133 495 ut
150 467 170 493 r
188 456 208 479 2
227 454 277 493 ad
295 471 313 506 ρ
334 454 366 497 ²,
384 458 423 490 et
441 465 487 489 ex
507 452 579 489 hoc
597 452 853 489 Theoremate
871 455 928 486 est
945 461 965 485 r
982 448 1031 487 ad
1050 463 1070 500 ς
1088 452 1133 483 ut

89 515 140 614 τέ-
160 539 210 580 ad
239 573 277 611 v
294 511 428 611 L-Y;
457 550 550 589 ergo
569 545 742 586 tempora
758 534 952 585 periodica
978 542 1070 573 sunt
1089 540 1135 572 ut

118 633 135 667 l
359 630 375 663 l

90 683 167 731 v·‘³
265 691 434 747 5⁷15!
448 684 473 721 2·

429 802 657 843 THEOR.
692 800 782 841 111.

142 913 199 951 Sit
220 912 258 951 T
277 913 407 956 Terra,
440 909 476 948 P
498 909 614 948 Luna
632 921 719 959 quae
736 907 837 945 circa
858 907 1018 945 Terram
1047 910 1124 959 (se.

84 965 208 1016 posita
227 965 332 1003 omni
351 963 500 1002 actione
522 962 638 1011 Solis)
660 962 849 1000 describat
867 961 1030 998 orbitam
1051 963 1126 999 cir-

85 1020 175 1058 culo
185 1018 399 1068 proximam
413 1024 584 1065 tempore
596 1014 789 1064 periodico
804 1015 865 1059 M,
882 1013 939 1050 vis
950 1014 1127 1053 absoluta

87 1073 219 1111 Terrae
245 1071 287 1108 in
317 1071 471 1108 Lunam
499 1069 649 1107 dicatur
680 1067 729 1114 V,
764 1068 963 1105 minuatur
995 1081 1040 1106 ea
1071 1068 1128 1107 vis

83 1125 258 1164 absoluta
276 1125 488 1175 quantitate
515 1121 657 1173 exigui
681 1122 742 1169 Y;
772 1120 860 1159 dico
888 1120 995 1172 quod
1022 1121 1055 1159 si
1082 1135 1129 1160 ea

83 1178 140 1216 vis
173 1178 212 1215 V
229 1200 283 1209 —-
303 1178 341 1216 Y
375 1184 531 1215 maneat
561 1182 752 1221 constans,
794 1175 912 1212 Luna
942 1173 1130 1214 describet

81 1231 183 1270 circa
204 1232 366 1269 Terram
394 1230 558 1268 orbitam
595 1228 760 1267 similem
792 1227 849 1265 illi
882 1239 1002 1278 quam
1023 1228 1128 1275 prius

82 1284 329 1331 describebat,
360 1283 415 1321 ita
445 1290 491 1321 ut
523 1283 555 1320 si
590 1282 728 1331 prioris
762 1281 895 1319 orbitae
931 1280 1129 1320 semi-axis

81 1339 206 1390 major
232 1337 382 1376 dicatur
409 1350 442 1384 r,
474 1335 672 1374 semi-axis
701 1334 825 1385 major
856 1332 990 1372 orbitae
1012 1346 1128 1409 2novae

82 1422 153 1463 erit
178 1391 331 1454 —Y-E-
358 1430 398 1462 et
411 1420 568 1471 ‘tempus
585 1419 827 1471 periodicum
846 1419 918 1457 erit
941 1386 997 1498 J
1053 1388 1133 1519 ἕρ

78 1547 158 1587 sive
179 1548 227 1587 M
250 1547 412 1602 ><(1-{-
427 1515 512 1620 ΞᾱΥ
533 1551 575 1595 ><
607 1512 733 1618 {vxi-²-
751 1543 806 1597 -Ι-
827 1512 964 1616 4VY3³‚
986 1542 1095 1596 &c.).

135 1634 243 1673 Nam
265 1639 298 1672 1.
321 1634 412 1673 cum
434 1636 551 1674 Luna
569 1631 732 1671 discedit
757 1643 781 1668 a
807 1630 879 1670 sua
898 1630 1036 1679 orbita,
1065 1644 1127 1671 re-

78 1688 224 1726 tinetur
242 1696 371 1726 tamen
398 1701 467 1738 per
492 1688 568 1725 vim
595 1686 881 1724 decrescentem
908 1685 1124 1725 secundum

79 1741 265 1791 quadrata
283 1741 565 1787 distantiarum,
594 1739 783 1777 describet
801 1751 893 1789 ergo
911 1739 1012 1778 circa
1039 1752 1124 1777 cor-

78 1807 152 1843 pus
170 1795 212 1832 in
231 1795 319 1832 foco
335 1795 504 1844 positum
518 1793 724 1832 sectionem
732 1791 924 1839 uomicam,
944 1804 1032 1842 quae
1051 1792 1124 1831 erit

77 1847 204 1886 adhuc
224 1847 378 1897 ellipsis,
398 1848 491 1898 quia
506 1845 671 1885 mutatio
689 1845 746 1883 vis
764 1846 941 1883 centralis
960 1845 1119 1894 ponitur

76 1900 229 1951 exigua,
251 1909 289 1939 et
306 1914 375 1951 per
387 1902 466 1938 vim
478 1901 645 1951 priorem
658 1898 780 1937 orbita
794 1897 938 1937 circulo
952 1898 1118 1937 finitima

76 1953 371 2001 describebatur,
399 1954 455 1993 ita
480 1961 526 1992 ut
551 1952 683 1991 necin
701 1952 950 2002 hyperbolam
977 1965 1049 1991 nec
1075 1951 1118 1990 in

75 2007 295 2056 parabolam
313 2008 455 2045 mutari
473 2007 592 2057 possit
608 2007 691 2043 haec
709 2005 842 2044 orbita.

130 2064 166 2098 2.
222 2060 326 2100 crim
336 2060 393 2098 vis
411 2074 511 2099 nova
529 2060 562 2098 Y
575 2059 626 2098 ad
640 2067 816 2097 centrum
836 2058 885 2096 sit
904 2060 1120 2098 etiamnum

74 2112 229 2161 directa,
262 2126 549 2165 quamcumque
580 2112 622 2150 in
654 2111 756 2150 viam
784 2110 959 2150 flectatur
988 2113 1117 2161 Luna,

74 2179 173 2205 areae
191 2179 340 2216 semper
358 2168 571 2205 manebunt
588 2165 825 2215 temporibus
852 2166 1120 2215 proportiona-

73 2219 142 2267 les,
161 2219 250 2258 ideo
277 2220 308 2258 si
335 2219 494 2258 tandem
511 2220 555 2257 in
574 2219 736 2258 orbitam
765 2231 788 2256 a
806 2218 832 2255 d
850 2220 875 2256 b
893 2232 915 2257 c
942 2219 1120 2259 deveniat

72 2284 121 2310 ex
138 2270 263 2312 orbita
284 2273 323 2311 A
341 2274 382 2312 D
399 2274 434 2312 B
453 2274 497 2320 C,
514 2281 668 2322 tempus
681 2283 759 2323 quo
770 2271 1006 2311 describetur
1019 2274 1119 2322 peri-

70 2326 204 2375 pheria
221 2340 244 2365 a
263 2326 290 2364 d
306 2329 332 2365 b
351 2339 372 2365 c
391 2327 463 2365 erit
479 2327 529 2364 ad
547 2333 701 2375 tempus
722 2326 769 2363 M
789 2338 866 2375 quo
881 2325 1119 2365 describeba-

70 2386 136 2418 tur
153 2379 369 2430 peripheria
391 2381 430 2418 A
452 2380 494 2419 D
516 2381 553 2419 Β
577 2380 611 2419 C
629 2386 675 2418 ut
691 2386 772 2418 tota
788 2391 876 2417 area
899 2380 938 2417 A
961 2380 1002 2418 D
1024 2381 1060 2419 B
1084 2381 1117 2421 C

70 2432 123 2471 ad
140 2446 269 2472 aream
287 2447 311 2472 a
328 2434 354 2471 d
372 2435 398 2472 b
416 2446 451 2472 c·

125 2490 162 2525 5.
219 2486 323 2526 cum
343 2500 436 2538 ergo
453 2487 495 2524 in
511 2487 575 2527 his
592 2486 725 2525 orbitis
747 2485 786 2523 A
804 2485 845 2523 D
864 2486 899 2524 B
920 2485 966 2532 C,
987 2486 1084 2525 adb
1098 2500 1120 2527 c

73 2541 181 2592 (quae
192 2539 464 2578 describuntur
480 2540 582 2579 circa
595 2552 734 2588 corpus
745 2538 848 2577 idem
860 2539 1031 2590 quidem,
1051 2542 1120 2581 sed

72 2593 186 2643 cujus
211 2592 269 2630 vis
295 2593 472 2631 absoluta
488 2593 564 2631 alia
581 2600 759 2631 censetur
786 2591 878 2630 esim
897 2593 1125 2632 describitur

73 2645 198 2684 orbita
209 2644 262 2684 Ἀ·
280 2646 322 2684 D
339 2646 380 2685 B
405 2647 437 2685 C
457 2646 576 2697 quam
596 2645 688 2684 cum
708 2645 933 2684 describitur
950 2660 975 2684 a
993 2646 1019 2684 d
1037 2649 1062 2685 b
1080 2647 1121 2698 c)

71 2705 245 2748 tempora
264 2699 340 2737 sint
358 2698 455 2741 aneis
468 2699 778 2749 proportionalia,
801 2700 883 2737 istae
897 2713 996 2738 areae
1015 2700 1121 2738 simi-

70 2751 128 2789 les
146 2760 273 2799 erunt‚
293 2765 362 2802 per
378 2752 519 2791 Theor.
542 2753 593 2799 I.,
615 2752 844 2803 circulisque
858 2752 1034 2790 finitimae
1053 2767 1122 2803 per

71 2805 180 2855 hyp„
211 2809 305 2843 'axes
322 2807 486 2857 majores
505 2814 619 2844 erunt
636 2805 785 2844 inverse
815 2813 860 2843 ut
888 2806 987 2844 vires
1017 2807 1055 2845 V
1082 2815 1121 2846 et

73 2857 113 2897 V
129 2881 184 2889 —
204 2860 253 2905 Y,
275 2872 343 2908 per
364 2861 504 2898 Theor.
533 2860 592 2898 ΙΙ.
616 2866 655 2898 et
672 2867 847 2908 tempora
865 2859 1058 2909 periodica
1075 2868 1122 2900 ut

68 2915 149 3018 371—-2
171 2944 219 2984 ad
250 2991 289 3030 V
343 2917 455 3044 151²
473 2948 601 2999 itaque
620 2946 711 2985 siin
739 2946 863 2985 orbita
884 2948 923 2985 A
937 2946 1117 3009 ΔΙὶᾲΒῄΞ,

2172 306 2238 357 75

1186 444 1228 484 id
1246 452 1401 494 tempus
1419 445 1567 485 dictum
1586 444 1704 483 fuerit
1724 443 1785 489 M,
1806 441 1848 479 in
1866 440 1990 480 orbita
2007 454 2031 480 a
2045 440 2107 482 db
2119 455 2152 490 c,
2166 443 2240 483 erit

1274 500 1293 521 2

1215 498 1255 535 V
1306 499 1402 576 Q,
1425 531 1502 571 sive
1516 532 1618 570 hanc
1628 530 1882 582 quantitatem
1902 528 1943 566 in
1962 528 2100 566 seriem
2119 527 2238 568 resol-

1189 581 1290 617 v—
1313 577 1383 628 ΥΡ

1185 665 1312 704 vendo
1334 664 1381 701 M
1404 665 1565 719 ><(1-}-
1585 632 1670 734 2—-VY
1689 664 1743 716 4-
1768 630 1897 733 3νῖἓί
1967 661 2020 706 Q.
2044 673 2077 698 e.
2101 660 2141 699 d.

1241 755 1322 791 συν.
1367 749 1512 787 Iisdem
1531 749 1728 798 principiis
1747 748 1981 794 ostendetur,
2003 746 2107 799 quod
2128 747 2158 784 si
2180 744 2236 784 vis

1182 803 1360 842 absoluta
1381 803 1513 849 Teriae
1540 809 1748 853 augeretur
1774 802 1988 853 quantitate
2016 800 2160 852 exigua
2185 800 2232 842 Y,

1182 858 1300 896 Luna
1331 852 1545 894 deferretur
1573 856 1629 893 in*
1643 856 1811 894 orbitam
1828 855 2049 894 interiorem
2081 871 2107 893 a
2126 853 2144 893 δ
2162 859 2188 901 β
2208 870 2233 892 κ

1172 2040 1339 2081 similem
1370 2040 1488 2092 priori
1528 2040 1568 2080 A
1599 2041 1641 2080 D
1671 2042 1708 2080 B
1739 2042 1787 2090 C,
1817 2042 1933 2093 cujus
1963 2040 2096 2080 radius
2127 2041 2227 2081 foret

1215 2108 1237 2133 r
1257 2096 1353 2201 VY,
1383 2127 1576 2168 sumendo
1604 2127 1862 2185 quantitatem
1901 2128 1939 2167 Y
1975 2127 2155 2179 negative
2187 2135 2227 2167 et

2021 2215 2224 2300 2Y2÷

2068 2281 2103 2318 V

1520 2396 1532 2413 ,
1552 2365 1832 2420 &c).sumendo
1847 2362 2025 2415 negative
2038 2366 2226 2404 terminos

1174 2163 1214 2202 v
1232 2184 1286 2192 -.

1173 2260 1262 2300 quae
1280 2248 1560 2288 describeretur
1577 2254 1752 2297 tempore
1773 2249 1822 2287 M
1841 2250 1923 2302 ><(1
1948 2246 2001 2299 -Ι-

1172 2339 1199 2373 5
1219 2335 1257 2373 Y
1277 2335 1298 2358 2
1395 2339 1419 2372 4
1442 2334 1481 2371 Y
1498 2335 1516 2363 3

1204 2402 1241 2440 v
1261 2403 1280 2424 2
1319 2368 1374 2422 ÷
1426 2401 1464 2438 V
1483 2403 1500 2429 ³

1173 2455 1215 2493 in
1226 2454 1367 2505 quibus
1378 2454 1573 2505 quantitas
1587 2454 1625 2492 Y
1636 2460 1694 2491 est
1705 2451 1912 2501 imparium
1921 2450 2215 2489 dimensionum

1236 2528 1291 2567 Ut
1317 2535 1451 2567 autem
1478 2535 1650 2566 servetur
1666 2527 1752 2564 haec
1778 2523 1950 2563 conditio
1970 2522 2226 2575 quantitatem

1884 2580 1903 2600 2

1179 2615 1218 2654 Y
1235 2627 1318 2653 esse
1336 2614 1532 2666 exiguam,
1552 2612 1760 2651 fractiones
1778 2576 1892 2681 {sz‘
1906 2637 1916 2655 ‚
1946 2611 2017 2648 &c.
2049 2617 2140 2648 sunt
2159 2609 2226 2648 de-

1175 2701 1302 2740 lendae
1320 2700 1362 2738 in
1380 2707 1546 2750 utroque
1566 2712 1657 2738 casu
1675 2707 1720 2736 ut
1738 2695 1890 2734 infinite
1909 2709 2049 2745 parvae.

1228 2776 1345 2813 Sdzol.
1399 2774 1450 2811 In
1469 2774 1595 2823 primo
1613 2771 1776 2816 calculo,
1798 2769 1888 2807 cum
1908 2769 2227 2818 supposuerimus

1173 2828 1337 2867 orbitam
1359 2827 1488 2865 Lunae
1511 2827 1549 2864 A
1565 2827 1606 2864 D
1623 2826 1659 2864 B
1680 2825 1712 2863 C
1728 2837 1809 2861 esse
1825 2823 2062 2869 circularem,
2084 2824 2227 2862 orbitas

1173 2894 1292 2920 novas
1310 2894 1335 2918 a
1352 2880 1378 2918 d
1396 2882 1421 2918 b
1440 2893 1474 2927 c,
1495 2897 1521 2917 ω
1540 2879 1559 2918 δ
1576 2884 1601 2925 β
1617 2896 1641 2917 κ
1660 2877 1864 2916 circulares
1882 2877 1999 2914 etiam
2018 2889 2109 2920 esse,
2132 2889 2225 2926 sup-

1171 2947 1315 2985 ponere
1338 2946 1495 2973 necesse
1519 2939 1600 2971 erat
1625 2944 1694 2983 per
1724 2931 1865 2970 Theor.
1894 2930 1927 2968 1.
1961 2930 2123 2981 hujusce
2148 2929 2228 2969 cal-

1172 2988 1264 3027 culi.

430 3817 661 3859 THEOR.
695 3819 762 3858 1v
818 3871 820 3873 ‚

132 3921 191 3961 Sit
210 3924 253 3966 T..
270 3923 408 3971 Terra,
433 3924 468 3963 P
489 3925 618 3974 Luna,
642 3926 682 3965 A
705 3926 746 3966 D
764 3927 800 3967 B
820 3926 853 3967 C
870 3925 995 3967 orbita
1010 3938 1129 3979 quam

124 3993 225 4033 Vox..
249 3991 337 4034 111.
363 3995 477 4035 Paris
497 3996 559 4036 ΙΙ.

1182 3819 1303 3858 Luna
1328 3818 1429 3857 circa
1459 3819 1620 3857 Terram
1650 3816 1891 3859 describeret,
1923 3809 2088 3862 seposita
2119 3809 2227 3848 omni

1185 3873 1284 3911 Solis
1303 3874 1464 3919 actione,
1486 3873 1534 3909 sit
1564 3873 1591 3909 S
1613 3873 1649 3911 T
1676 3869 1855 3909 distantia
1873 3866 2073 3906 mediocris
2095 3864 2227 3902 Terrae

1181 3939 1207 3965 a
1237 3926 1327 3967 Sole
1352 3939 1443 3979 quae
1460 3926 1611 3965 dicatur
1641 3938 1692 3973 a3
1720 3924 1872 3962 dicatur
1907 3921 1939 3960 F
1971 3920 2027 3959 vis
2056 3919 2158 3958 Solis
2186 3916 2227 3953 iu

1171 3997 1183 4011 Ἰ

1147 3997 1175 4037 1«
