2540 4296
343 704 1235 790 PHILOSOPHIAE
1308 696 2023 779 NATURALIS

497 935 1030 999 PRINCIPIA
1085 930 1879 995 MATHEMATICA.

747 1208 921 1248 LIBRI
951 1205 1164 1245 TERTII
1196 1203 1637 1244 CONTINUATIO.

516 1466 991 1521 PROPOSITIO
1029 1465 1218 1521 XXV.
1296 1469 1730 1522 PROBLEMA
1768 1471 1864 1522 VI.

453 1611 688 1663 Invenire
725 1614 854 1664 vires
889 1613 1020 1664 Solis
1056 1615 1127 1664 ad
1150 1615 1520 1680 perturbandos
1556 1625 1711 1668 motus
1745 1616 1926 1667 [Amce.

194 1754 491 1806 DESIGNET
531 1757 568 1808 S
610 1756 800 1819 Solem,
842 1756 894 1808 T
931 1754 1169 1821 Terram,
1212 1757 1257 1809 P
1295 1757 1517 1822 Lunam,
1563 1758 1608 1809 C
1635 1759 1687 1810 A
1713 1759 1768 1811 D
1798 1760 1845 1811 B
1871 1759 2050 1812 orbem
2078 1761 2263 1813 Lunae.

123 1845 188 1900 In
216 1846 253 1899 S
282 1845 329 1899 P
353 1847 585 1917 capiatur
613 1848 650 1901 S
679 1848 732 1899 K
756 1848 967 1918 aequalis
1009 1850 1045 1900 S
1072 1849 1153 1911 T;
1192 1849 1359 1919 sitque
1401 1850 1438 1903 S
1465 1849 1514 1901 L
1550 1849 1618 1901 ad
1658 1850 1696 1902 S
1726 1849 1779 1901 K
1816 1850 1871 1901 in
1896 1838 2157 1920 duplicata
2184 1871 2265 1903 ra-

122 1934 262 1986 tione
291 1937 329 1989 S
357 1935 411 1988 K
436 1936 503 1987 ad
532 1938 568 1989 S
597 1937 657 1999 P,
694 1947 746 1988 et
770 1937 867 2004 ipsi
896 1936 940 1988 P
967 1936 1019 1988 T

123 2036 305 2096 agatur
322 2027 570 2095 parallela
590 2027 638 2079 L
657 2027 749 2089 M;
777 2037 829 2079 et
847 2027 888 2077 si
903 2045 1022 2098 gra-
1214 2040 1258 2075 Ε

126 2119 253 2170 vitas
273 2108 610 2171 acceleratrix
635 2119 818 2171 Terrae
843 2118 899 2168 in
927 2119 1023 2170 So-

123 2207 229 2259 lem
267 2218 558 2277 exponatur
591 2227 687 2277 per
724 2209 1022 2260 distantiam

129 2299 166 2350 S
184 2298 235 2351 T
259 2298 342 2350 vel
370 2300 407 2351 S
436 2298 505 2361 K,
535 2300 632 2350 erit
660 2299 697 2351 S
725 2298 772 2351 L
797 2299 1021 2370 gravitas

125 2388 459 2439 acceleratrix
503 2388 673 2440 Lunae
722 2389 777 2440 in
827 2387 1020 2441 Solem.

116 2476 208 2528 Ea
224 2477 550 2545 componitur
566 2496 632 2528 ex
643 2478 875 2546 partibus
892 2480 929 2532 S
944 2479 1025 2543 M,

130 2564 178 2616 L
205 2563 287 2627 M,
316 2583 535 2634 quarum
559 2565 607 2616 L
635 2565 700 2617 M
726 2575 777 2617 et
801 2567 960 2637 ipsius
990 2569 1027 2620 S
1055 2567 1120 2620 M
1145 2586 1266 2636 pars
1294 2567 1346 2620 T
1372 2568 1437 2619 M
1472 2568 1742 2636 perturbat
1764 2577 1965 2619 motum
1991 2567 2176 2631 Lunae,
2218 2578 2275 2619 ut

126 2655 183 2706 in
211 2655 359 2708 Libri
387 2655 551 2708 Primi
577 2655 736 2726 Prop.
767 2657 975 2711 LXVI.
1004 2669 1055 2711 et
1081 2660 1188 2728 ejus
1220 2659 1522 2710 Corollariis
1548 2661 1842 2729 expositum
1871 2669 1961 2710 est.
2009 2660 2072 2728 (q)
2128 2659 2273 2721 Qua-

126 2850 129 2854 >
184 2823 241 2875 (q)
263 2826 285 2849 ⁴¹
312 2821 509 2868 Qudtenus
535 2827 655 2864 Terra
673 2832 710 2864 et
724 2827 843 2864 Luna
861 2826 962 2864 circa
977 2839 1179 2865 commune
1230 2832 1424 2874 exponent
1455 2826 1481 2863 S
1503 2826 1525 2863 l
1553 2832 1592 2862 et
1622 2825 1649 2863 S
1669 2834 1694 2862 λ
1723 2824 1821 2862 vires
1848 2824 2100 2862 accelerantes
2120 2824 2273 2860 Lunam

126 2879 325 2929 gravitatis
370 2885 545 2916 centrum
591 2882 848 2926 revolvuntur,
891 2881 1178 2929 perturbabitur
1230 2887 1269 2916 et
1284 2879 1444 2917 Terram
1463 2878 1504 2915 in
1527 2878 1668 2923 Solem,
1686 2885 1724 2916 et
1735 2880 2062 2926 perturbabuntur
2077 2876 2276 2926 utriusque

129 2933 245 2969 etiam
272 2938 396 2969 motus
430 2933 560 2969 Terrae
586 2934 687 2971 circa
715 2946 803 2971 cen—-

130 2990 238 3023 trum
265 2986 360 3022 illud
388 2997 412 3021 α
438 2986 576 3023 viribus
604 2987 803 3024 consimili-

130 3038 221 3082 ἔως,-
241 3035 418 3086 designet
427 3044 473 3075 ut
484 3037 591 3085 prius
612 3039 639 3077 S
657 3038 799 3084 Solem,

130 3089 200 3128 sed
235 3089 285 3126 sit
319 3089 355 3127 T
385 3098 560 3128 centrum
597 3103 806 3129 commune

133 3141 329 3193 gravitatis
349 3143 479 3182 Terrae
507 3150 545 3181 et
574 3144 727 3191 Lunae;
757 3144 807 3182 sit
847 3162 849 3164 ·

135 3195 265 3245 itaque
281 3207 308 3243 p
328 3194 447 3234 Luna
472 3204 512 3235 et
538 3204 555 3234 t
583 3198 706 3235 Terra
732 3197 804 3235 cir-

133 3260 226 3286 cum
255 3259 462 3287 commune
489 3250 685 3301 gravitatis
713 3262 803 3288 cen.

134 3307 240 3338 trum
258 3301 505 3349 revolventes,
524 3302 579 3341 ita
596 3311 643 3342 ut
660 3303 804 3342 distan-

135 3353 188 3392 tia
205 3366 231 3402 p
250 3361 267 3391 t
284 3353 334 3391 sit
350 3355 508 3404 aequalis
529 3356 565 3394 P
584 3357 633 3403 T,
661 3356 806 3396 ductis-
923 3390 942 3397 β

135 3419 211 3457 que
233 3407 260 3444 S
280 3419 316 3455 p,
341 3407 368 3444 S
386 3415 414 3451 t,
435 3409 675 3460 sumptisque
692 3410 735 3447 in
752 3411 807 3449 eis
878 3438 895 3455 .,

134 3459 248 3498 lineis
265 3458 463 3508 productis
480 3461 512 3498 si
530 3474 628 3511 opus
649 3463 697 3501 sit
720 3465 746 3501 S
763 3464 803 3511 k,

140 3513 168 3551 S
187 3530 211 3550 κ
230 3512 443 3562 aequalibus
471 3514 496 3551 S
518 3515 565 3561 T,
595 3517 806 3569 secatisque

139 3566 166 3602 S
188 3565 210 3603 l
238 3572 278 3603 et
306 3566 380 3603 Sa
407 3566 616 3606 itautsint
641 3568 691 3606 ad
722 3571 749 3608 S
770 3572 807 3609 T

135 3618 179 3655 in
192 3616 389 3667 duplicata
401 3619 549 3657 ratione
570 3621 597 3659 S
613 3621 650 3659 T
667 3622 718 3660 ad
739 3624 767 3662 S
780 3636 807 3673 p

131 3677 177 3709 et
205 3670 258 3709 ad
289 3671 362 3719 St,
392 3672 563 3723 actisque
592 3673 688 3721 lm,
722 3685 749 3714 λ
774 3693 806 3726 μ

140 3723 332 3773 parallelis
358 3725 410 3764 ad
436 3738 461 3775 p
479 3733 508 3772 t,
536 3726 568 3764 si
596 3736 761 3776 exponat
792 3729 820 3768 S
840 3730 877 3769 T
895 3730 974 3769 vim
999 3730 1186 3770 accelera·
1242 3737 1374 3769 motus
1402 3737 1577 3780 respectu
1609 3729 1731 3768 centri
1758 3727 1976 3767 communis
2002 3726 2197 3778 gravitatis
2219 3738 2286 3776 per

140 3776 275 3817 tricem
302 3778 422 3817 centri
448 3780 667 3819 communis
692 3782 890 3833 gravitatis
911 3785 948 3823 T
971 3784 1014 3823 in
1044 3785 1187 3833 Solem,
1244 3784 1344 3822 vires
1361 3783 1375 3821 1
1394 3797 1435 3821 m
1462 3791 1501 3822 et
1528 3793 1555 3823 λ
1572 3800 1613 3834 μ,
1646 3783 1682 3822 Τ
1702 3793 1743 3820 m
1761 3789 1800 3820 et
1821 3783 1857 3820 T
1872 3797 1929 3833 μ;
1957 3794 2046 3832 quae
2072 3781 2170 3820 vires
2196 3792 2286 3818 con-
