2540 4296
192 2599 197 2605 ⁴
257 2557 374 2609 quam
396 2559 457 2600 Μ,
487 2558 560 2595 erit
586 2557 597 2594 l
627 2558 675 2594 ob
695 2556 1001 2595 decussationem
1020 2557 1068 2593 li-

247 305 315 350 28

307 439 425 475 casus
459 439 494 472 1.
556 434 641 472 Sint
670 434 710 477 Q
732 433 768 470 T
790 433 825 470 P
852 440 893 469 et
922 433 963 469 N
985 432 1021 469 T
1044 431 1079 469 P
1112 432 1292 482 negativi,

251 489 354 526 solus
386 489 412 526 S
434 489 470 525 T
492 487 529 525 N
560 488 609 525 sit
636 486 834 535 positivus,
864 485 979 522 distet
1009 485 1045 522 P
1072 498 1095 522 a
1122 486 1225 522 nodo
1254 485 1296 522 N

250 540 380 580 minus
399 541 521 579 tribus
539 539 828 589 quadrantibus,
850 538 926 575 sive
938 538 1071 576 minus
1086 538 1297 588 quadrante

250 609 273 634 a
290 603 437 644 puncto
456 607 494 640 n,
524 594 642 643 idque
668 592 709 629 in
738 591 1023 641 consequentia,
1054 591 1298 640 retroprodu-

251 648 384 687 ccndae
404 654 517 685 erunt
536 647 647 684 lineae
670 645 705 683 P
735 645 797 690 M,
824 645 858 682 P
885 645 934 690 L,
968 653 1013 682 ut
1041 644 1077 682 P
1108 646 1155 682 M
1187 644 1298 681 lineae

250 702 442 739 nodorum
461 706 635 737 occurrat
664 699 704 735 in
737 710 790 744 m,
825 705 864 735 et
894 699 930 736 L
953 698 988 736 P
1018 698 1061 735 in
1095 697 1105 734 l
1136 698 1298 734 vicinius

255 755 349 800 Soli,
362 754 453 791 hinc
471 755 507 790 A
523 753 559 790 T
575 752 589 789 l
603 751 731 789 minor
745 751 817 789 erit
835 751 872 788 A
893 749 930 789 T
944 764 983 788 m
996 759 1035 789 et
1048 750 1136 788 ideo
1156 754 1190 787 A
1207 751 1243 788 T
1260 752 1293 786 V

251 809 373 858 major
391 805 510 857 quam
534 805 570 843 A
593 805 630 842 T
653 805 703 848 N,
735 803 800 842 sed
821 812 1012 852 punctum
1034 805 1074 842 N
1094 812 1150 842 est
1167 804 1209 840 in
1227 817 1297 841 an-

251 858 466 899 tec‘edentia
483 865 657 907 respectu
681 858 816 906 puncti
840 859 890 900 A,
922 870 1014 908 ergo
1036 859 1074 895 V
1094 865 1150 895 est
1168 857 1210 894 in
1229 870 1297 894 an-

252 912 465 952 tecedentia
483 919 658 961 respectu
678 911 813 960 puncti
835 911 888 959 N,
910 923 1002 963 ergo
1021 911 1148 949 nodus
1166 923 1297 962 regre-

256 2080 387 2128 ditur3
417 2079 531 2117 distet
562 2078 597 2117 P
624 2079 673 2116 ab
702 2078 744 2116 N
762 2078 851 2127 plus
869 2078 991 2116 tribus
1009 2075 1299 2127 quadrantibus,

255 2142 473 2172 antrorsum
492 2131 750 2181 producendae
770 2139 862 2169 sunt
879 2132 993 2169 lineae
1016 2132 1050 2168 P
1067 2131 1128 2176 M,
1153 2131 1188 2168 P
1203 2130 1238 2167 L
1259 2137 1305 2167 ut

256 2194 459 2226 occurrant
485 2187 597 2223 lineae
617 2184 807 2222 nodorum
837 2193 875 2223 et
907 2185 922 2222 l
953 2184 1123 2222 manebit
1155 2197 1178 2220 a
1214 2183 1304 2220 Sole

255 2241 441 2279 remotius
458 2237 577 2290 quam
597 2251 650 2284 m,
679 2246 718 2276 et
735 2238 903 2288 angulus
935 2240 973 2276 A
996 2239 1032 2275 T
1051 2237 1064 2274 l
1093 2237 1216 2287 major
1234 2236 1306 2274 erit

255 2294 401 2344 angulo
425 2294 462 2330 A
484 2293 520 2330 T
540 2292 594 2337 N,
614 2291 830 2340 regreditur
847 2304 939 2342 ergo
959 2290 1096 2328 nodus.

313 2350 393 2385 Cas.
429 2351 464 2383 2.
527 2345 611 2383 Sint
646 2345 686 2388 Q
714 2345 751 2382 T
780 2345 816 2381 P
848 2353 886 2382 et
920 2346 945 2382 S
967 2345 1002 2382 T
1024 2344 1066 2382 N

257 2399 438 2450 negativi,
458 2397 562 2436 solus
581 2396 671 2435 vero
691 2397 733 2434 N
754 2398 790 2435 T
814 2397 848 2435 P
865 2397 1063 2446 positivus,

256 2454 306 2491 sit
327 2454 367 2491 N
386 2453 420 2490 P
434 2453 561 2490 minor
575 2450 1065 2501 quadrante,retroproduc-

256 2508 305 2544 tis
324 2506 446 2550 lineis,
468 2504 557 2543 cum
584 2505 620 2542 L
646 2504 696 2540 sit
712 2505 897 2542 remotius
923 2517 947 2542 a
977 2504 1066 2542 Sole

257 2625 418 2650 nearum
433 2611 590 2660 propius
609 2609 689 2648 Soli
708 2617 746 2648 et
760 2611 929 2661 angulus
946 2614 984 2649 A
1002 2612 1038 2649 T
1053 2609 1069 2647 l

258 2666 335 2703 sive
357 2666 404 2715 ‚A
436 2665 473 2703 T
502 2665 540 2702 V
568 2664 696 2701 minor
715 2664 861 2714 angulo
893 2664 932 2701 A
954 2665 991 2702 T
1013 2665 1065 2710 N,

258 2719 325 2756 sed
355 2719 447 2769 quia
473 2717 537 2756 hic
569 2718 738 2768 angulus
770 2724 828 2755 est
854 2718 1067 2768 negativus,

258 2773 541 2820 complementa
564 2771 614 2808 ad
632 2779 797 2821 quatuor
815 2779 938 2808 rectos
956 2778 1071 2809 erunt

259 2824 459 2870 sumenda,
474 2832 512 2861 et
523 2829 633 2861 arcu's
649 2824 686 2861 A
701 2825 742 2868 Q
760 2823 793 2861 P
804 2824 842 2861 V
858 2824 982 2874 major
999 2825 1071 2862 erit
1126 2825 1157 2833 ⁶*

204 2908 209 2913 ,
258 2890 350 2916 arcu
370 2879 405 2915 A
420 2879 462 2922 Q
478 2878 510 2914 P
522 2877 575 2923 N,
592 2889 685 2927 ergo
699 2876 825 2914 nodus
838 2877 1065 2927 regreditur.

316 2931 373 2969 Sit
407 2931 447 2968 N
479 2930 514 2968 P
546 2930 669 2981 major
698 2928 924 2980 quadrante,
958 2930 1071 2968 lineis

262 2984 297 3022 P
318 2985 379 3030 M,
404 2984 439 3022 P
460 2984 496 3021 L
515 2983 712 3032 productis
730 2991 932 3021 occurrent
950 2984 1070 3032 eclip-

259 3038 345 3075 ticae
364 3051 386 3075 a
404 3045 511 3087 parte
529 3037 665 3084 puncti
693 3049 729 3081 n,
762 3043 801 3073 et
818 3044 973 3084 propter
999 3050 1069 3074 an-

260 3091 402 3150 gulum
434 3091 475 3134 Q
495 3089 531 3128 T
554 3089 588 3127 P
616 3089 840 3140 negativum
858 3088 950 3127 cum
969 3091 1003 3128 P
1022 3090 1070 3128 sit

256 3155 300 3180 1n
319 3142 578 3183 semi-circulo
604 3155 629 3193 q
649 3144 683 3180 B
707 3143 747 3187 Q
773 3139 844 3180 erit
869 3142 883 3179 l
914 3151 956 3181 ut
974 3151 1012 3181 et
1032 3143 1069 3181 L

259 3197 445 3234 remotius
472 3210 495 3235 a
525 3196 612 3233 Sole
631 3193 748 3246 quam
773 3208 815 3232 m
835 3202 872 3235 et
892 3197 953 3242 M,
982 3196 1071 3234 ideo

259 3249 428 3299 angulus
461 3250 499 3288 A
535 3250 572 3287 T
604 3261 631 3285 n
667 3249 795 3287 minor
832 3258 889 3287 est
924 3250 1070 3301 angulo

262 3305 300 3340 A
325 3303 361 3340 T
381 3303 394 3340 1
421 3310 460 3341 et
485 3302 814 3351 complementum
835 3303 970 3351 prioris
997 3316 1067 3340 an-

259 3355 344 3406 guli
368 3357 406 3394 A
424 3357 461 3394 T
482 3356 522 3394 N
541 3355 671 3406 major*
681 3363 739 3393 est
756 3356 902 3406 angulo
925 3357 964 3394 A
981 3356 1018 3394 T
1031 3360 1082 3406 V,
1103 3359 1169 3398 sed
1193 3360 1231 3398 A
1251 3368 1308 3399 est

259 3410 301 3446 in
321 3409 587 3448 antecedentia
603 3419 778 3457 respectu
798 3411 930 3457 puncti
953 3410 1006 3456 N,
1026 3424 1119 3464 ergo
1137 3414 1251 3451 etiam
1269 3414 1309 3452 V

261 3470 319 3500 est
337 3462 378 3499 in
396 3462 663 3501 antecedentia
673 3469 849 3511 respectu
864 3464 1000 3512 puncti
1017 3466 1070 3513 N,
1090 3466 1309 3518 regreditur

262 3528 354 3567 ergo
373 3516 511 3554 nodus.

318 3572 402 3607 Cas.
423 3575 461 3608 3.
515 3568 599 3608 Sint
617 3569 644 3608 S
659 3570 694 3607 T
708 3570 748 3607 N
763 3576 801 3608 et
818 3569 859 3615 N
875 3570 912 3609 T
927 3570 963 3608 P
976 3572 1155 3622 negativi,
1176 3573 1307 3618 QTP

262 3620 353 3658 vero
381 3623 577 3670 positivus,
612 3630 804 3672 punctum
836 3623 871 3661 L
905 3632 962 3662 est
993 3625 1118 3663 ubivis
1149 3625 1307 3675 propius

266 3674 348 3711 Soli
367 3675 482 3725 quam
513 3676 575 3722 M,
605 3675 636 3712 si
668 3678 703 3714 P
729 3677 860 3714 minus
887 3677 1008 3716 tribus
1035 3678 1311 3729 quadrantibus

265 3726 380 3765 distet
398 3730 447 3765 ab
470 3729 522 3773 N,
544 3729 907 3778 retroproducendae
934 3739 1026 3769 sunt
1053 3732 1166 3769 lineae
1190 3733 1226 3771 P
1247 3733 1308 3779 M,

267 3779 304 3818 P
323 3780 374 3826 L,
395 3794 417 3818 a
435 3789 541 3829 parte
560 3782 693 3830 puncti
712 3795 739 3819 n
759 3791 797 3819 et
816 3783 888 3821 erit
912 3783 945 3821 A
966 3784 1028 3821 Tl
1049 3785 1173 3836 majus
1191 3786 1309 3836 quam

268 3834 308 3871 A
331 3834 368 3872 T
386 3847 424 3880 n,
455 3834 521 3872 sed
540 3834 632 3886 quia
653 3836 680 3874 S
702 3836 738 3874 T
760 3836 800 3874 N
818 3843 877 3875 est
894 3837 1109 3888 negativus,
1140 3851 1166 3876 n
1193 3846 1250 3877 est
1267 3838 1309 3876 in

753 288 1322 354 PHILOSOPHIAE
1363 287 1818 341 NATURALIS
1860 287 1978 352 [DE
2006 285 2210 339 Mum).
2243 287 2395 339 SYST,

1349 431 1608 469 semi-circulo
1626 430 1810 479 superiori
1834 430 1867 467 A
1897 431 1938 474 Q
1958 432 2018 476 B,
2036 438 2075 469 et
2102 445 2127 468 n
2156 440 2213 470 est
2231 432 2272 468 in
2291 439 2399 470 ante-

1350 485 1526 523 cedentia
1544 493 1719 532 respectu
1744 485 1794 528 A,
1816 481 1981 532 ide6que
2000 484 2014 520 l
2033 493 2089 522 est
2107 485 2149 521 in
2168 484 2399 522 anteceden-

1351 539 1404 576 tia
1421 545 1595 585 respectu
1615 550 1653 582 n,
1676 545 1720 574 ut
1738 537 1852 574 etiam
1872 537 1909 573 V
1921 544 2095 584 respectu
2113 539 2166 583 N,
2182 538 2401 588 regreditur

1352 604 1446 640 ergo
1465 590 1602 636 nodus,
1633 589 1682 627 sit
1704 590 1744 627 N
1767 590 1800 627 P
1830 590 1949 627 tribus
1968 590 2243 639 quadrantibus
2261 591 2397 640 major,

1340 644 1466 699 Jineae
1489 644 1522 681 P
1545 644 1605 688 M,
1631 643 1666 680 P
1687 643 1722 680 L
1743 651 1957 680 antrorsum
1980 651 2070 680 sunt
2089 643 2355 691 producendae,
2384 643 2400 680 l

1352 698 1423 734 erit
1442 697 1598 745 propius
1621 695 1700 733 Soli
1719 696 1836 745 quam
1855 709 1908 741 m,
1931 703 1969 733 et
1991 697 2028 734 A
2052 696 2088 733 T
2107 695 2120 731 l
2140 697 2219 733 sive
2242 698 2278 733 A
2301 697 2338 733 T
2361 696 2400 734 V

1350 751 1478 787 minor
1496 747 1615 798 quam
1638 749 1676 786 A
1699 750 1735 787 T
1756 750 1808 792 N,
1830 749 1897 786 sed
1916 749 2007 799 quia
2030 750 2066 786 A
2090 749 2126 786 T
2148 750 2187 786 N
2207 756 2263 786 est
2281 762 2399 799 nega-

1350 804 1463 845 tivus,
1498 800 1663 852 ideoque
1697 803 1735 839 A
1769 809 1826 839 est
1856 802 1897 838 in
1930 801 2196 839 antecedentia
2223 810 2399 851 respectu

1351 856 1486 905 puncti
1508 857 1560 900 N,
1590 855 1662 892 erit
1681 855 1798 892 etiam
1819 856 1855 892 V
1875 855 1916 891 in
1935 855 2199 893 antecedentia
2226 862 2400 905 respectu

1352 909 1487 961 puncti
1509 910 1561 954 N,
1581 908 1795 959 regreditur
1814 921 1905 959 ergo
1925 908 2062 946 nodus.
2268 926 2270 928 ·
2290 906 2293 910 ’

1648 964 1735 1000 Art.
1774 967 1811 999 4.
1874 962 1916 999 Si
1944 969 2020 998 tres
2047 961 2181 1013 anguli
2216 963 2257 1006 Q
2284 962 2321 1000 T
2352 961 2399 1008 P,

1595 1016 1636 1053 N
1659 1016 1695 1052 T
1716 1015 1762 1058 P,
1796 1015 1823 1053 S
1843 1015 1879 1052 T
1900 1015 1940 1052 N
1968 1014 2044 1052 sint
2062 1015 2243 1066 negativi,
2272 1022 2402 1052 motus

1594 1081 1641 1105 ex
1679 1067 1889 1117 regressivo
1925 1068 2184 1118 progressivus
2219 1068 2309 1114 fiet3
2356 1075 2402 1105 ut

1594 1122 1816 1170 hypothesis
1861 1122 1980 1171 hujus
2024 1121 2175 1159 articuli
2220 1121 2401 1166 obtineat,

1594 1181 1743 1223 oportet
1760 1181 1805 1211 ut
1823 1174 1949 1211 nodus
1979 1174 2018 1211 N
2047 1182 2084 1212 et
2105 1175 2221 1212 Luna
2243 1175 2277 1212 P
2296 1174 2344 1211 sit
2361 1174 2404 1210 in

1595 1227 1807 1276 quadrante
1839 1241 1863 1277 q
1897 1227 1960 1273 133
1992 1239 2083 1264 nam
2112 1227 2202 1265 cum
2235 1227 2404 1277 angulus

1599 1281 1641 1325 Q
1660 1281 1695 1318 T
1725 1280 1761 1318 P
1793 1281 1841 1318 sit
1869 1281 2082 1330 negativuS,
2117 1281 2153 1318 P
2182 1280 2295 1319 debet
2323 1293 2406 1317 esse

1594 1332 1635 1370 in
1655 1333 1914 1371 semi-circulo
1936 1347 1960 1383 q
1994 1334 2027 1370 B
2052 1334 2118 1380 Q;
2148 1332 2238 1371 cum
2271 1334 2297 1371 S
2312 1334 2348 1371 T
2364 1334 2404 1371 N

1595 1386 1644 1423 sit
1671 1388 1881 1438 negativus,
1915 1387 1954 1424 N
1982 1386 2094 1424 debet
2114 1400 2195 1424 esse
2221 1387 2263 1423 in
2290 1387 2404 1423 semi-

1596 1440 1739 1477 circulo
1772 1441 1810 1477 A
1838 1453 1862 1490 q
1894 1441 1941 1486 B,
1975 1447 2013 1477 et
2042 1438 2133 1477 cum
2167 1440 2204 1477 N
2235 1441 2271 1478 T
2294 1440 2328 1477 P
2358 1440 2407 1477 sit

1595 1493 1809 1543 negativus,
1832 1494 1874 1531 N
1893 1493 2005 1531 debet
2019 1506 2099 1531 esse
2112 1493 2153 1530 in
2168 1506 2406 1543 consequen-

1595 1544 1651 1583 tia
1681 1554 1855 1594 respectu
1879 1547 1936 1593 P;
1966 1558 2072 1596 ergo,
2107 1547 2148 1584 N
2175 1559 2254 1584 non
2284 1553 2407 1594 potest

1597 1599 1739 1636 versari
1774 1598 1816 1635 in
1853 1598 2066 1649 quadrante
2107 1600 2144 1637 A
2183 1612 2219 1649 q,
2259 1612 2330 1637 nec
2370 1599 2407 1637 P

1597 1651 1640 1688 in
1666 1651 1878 1700 quadrante
1913 1653 1949 1690 B
1974 1653 2036 1696 Q:
2069 1662 2287 1690 antrorsum
2314 1664 2407 1703 ergo

1597 1712 1713 1742 erunt
1739 1705 1997 1753 producendae
2020 1705 2132 1742 lineae
2163 1705 2198 1743 P
2220 1705 2279 1749 M,
2314 1705 2349 1742 P
2370 1706 2406 1743 L

1560 1772 1563 1773 ⁷
1597 1765 1643 1795 ut
1674 1758 1860 1806 eclipticae
1891 1766 2105 1804 occurrant,
2134 1759 2205 1796 erit
2237 1759 2252 1796 l
2281 1771 2407 1795 remo-

1597 1811 1674 1848 tius
1692 1824 1715 1848 a
1736 1811 1824 1849 Sole
1839 1811 1954 1861 quam
1970 1824 2020 1854 m,
2042 1819 2081 1849 et
2100 1812 2267 1861 angulus
2285 1811 2408 1849 ATV

1597 1864 1721 1914 major
1738 1864 1884 1914 angulo
1917 1866 1953 1902 A
1972 1865 2008 1902 T
2029 1865 2080 1908 N,
2108 1865 2175 1902 sed
2192 1865 2256 1902 hic
2283 1877 2408 1915 angu-

1595 1916 1658 1953 lus
1678 1925 1734 1954 est
1752 1918 1966 1967 negativus,
1995 1918 2074 1955 sive
2093 1926 2150 1955 est
2178 1918 2219 1955 N
2246 1918 2289 1954 in
2316 1931 2409 1955 con-

1596 1971 1794 2020 sequentia
1811 1977 1986 2019 respectu
2008 1971 2062 2016 A,
2090 1972 2161 2009 erit
2180 1983 2273 2022 ergo
2292 1972 2409 2009 etiam

1598 2022 1636 2060 V
1674 2022 1715 2060 in
1751 2024 2024 2074 consequentia
2059 2032 2235 2073 respectu
2272 2025 2409 2073 puncti

1358 2074 1413 2121 N,
1437 2074 1561 2113 nodus
1579 2075 1710 2127 imque
1730 2077 1988 2126 progreditur.

1415 2129 1494 2166 His
1511 2129 1645 2177 positis
1664 2129 1763 2176 dico,
1791 2131 1897 2180 quod
1916 2138 2047 2168 motus
2074 2131 2166 2168 nodi
2195 2132 2410 2181 progressi-

1359 2193 1429 2219 vus
1456 2182 1583 2219 evadit
1600 2181 1696 2219 dum
1719 2183 1836 2220 Luna
1861 2191 2035 2221 versatur
2053 2185 2153 2220 inter
2180 2185 2410 2223 alterutrum

1359 2235 1508 2272 nodum
1538 2243 1578 2272 et
1608 2235 1882 2285 quadraturam
1908 2237 1982 2288 ipsi
2009 2237 2254 2286 proximam3
2284 2239 2408 2287 quad-

1360 2295 1530 2327 raturam
1566 2288 1670 2326 nodo
1705 2289 1922 2339 proximam
1959 2299 2070 2330 vocat
2109 2291 2337 2337 Newtonus,
2376 2291 2410 2329 si

1360 3360 1605 3412 quadraturae
1633 3373 1657 3400 a
1684 3360 1788 3400 nodo
1824 3360 2004 3402 distantia
2038 3363 2250 3415 quadrante
2282 3360 2406 3416 majqr

1361 3428 1441 3453 non
1460 3417 1520 3453 sit.

1419 3469 1477 3507 Sit
1495 3468 1599 3507 enim
1617 3467 1786 3519 angulus
1807 3474 1845 3506 A
1868 3469 1905 3507 T
1925 3469 1966 3507 N
1993 3470 2192 3519 positivus,
2221 3468 2406 3520 quoniam

1362 3522 1482 3560 Luna
1500 3522 1578 3559 sive
1596 3529 1785 3571 punctum
1816 3522 1852 3560 P
1879 3529 1936 3561 est
1954 3523 2055 3561 inter
2072 3530 2216 3573 puncta
2248 3523 2291 3567 Q
2306 3529 2344 3559 et
2366 3522 2407 3559 N

1359 3574 1418 3613 vel
1452 3589 1476 3625 q
1506 3583 1544 3613 et
1575 3587 1603 3611 n
1635 3587 1680 3612 ex
1713 3575 1928 3624 hypothesi,
1960 3576 2143 3614 alteruter
2171 3588 2218 3613 ex
2250 3574 2408 3625 angulis

1365 3628 1406 3671 Q
1426 3628 1461 3666 T
1483 3628 1529 3672 P,
1562 3628 1603 3665 N
1624 3628 1661 3665 T
1684 3627 1718 3666 P
1745 3629 1816 3666 erit
1834 3628 2029 3677 positivus,
2057 3629 2152 3667 alter
2179 3627 2405 3678 negativus;

1365 3693 1455 3718 nam
1475 3681 1524 3718 sit
1543 3681 1583 3718 N
1602 3680 1663 3717 vel
1681 3693 1708 3718 n
1728 3681 1767 3718 in
1779 3680 2039 3720 semi-circulo
2057 3682 2099 3726 Q
2113 3682 2148 3719 B
2164 3693 2200 3731 q,
2217 3688 2301 3718 tum
2316 3680 2409 3730 quia

1369 3734 1404 3770 P
1424 3741 1480 3772 est
1498 3734 1598 3772 inter
1620 3734 1662 3778 Q
1677 3734 1737 3771 vel
1756 3748 1782 3785 q
1800 3743 1838 3773 et
1859 3735 1899 3772 N
1919 3735 1978 3772 vel
1997 3747 2035 3780 n,
2065 3734 2136 3772 erit
2158 3734 2193 3771 P
2210 3733 2252 3771 in
2271 3733 2408 3778 eodem

1363 3787 1622 3825 semi-cireuio
1654 3788 1695 3832 Q
1724 3788 1759 3829 B
1787 3801 1823 3838 q,
1856 3785 2029 3837 ideoque,
2053 3786 2222 3838 angulus
2254 3787 2294 3831 Q
2316 3787 2351 3824 T
2373 3785 2410 3823 P

1364 3840 1437 3878 erit
1454 3840 1668 3892 negativus»,
1686 3840 1753 3880 sed
1766 3839 1936 3892 angulus
1957 3840 1997 3878 N
2013 3835 2051 3880 ‘T
2068 3840 2104 3880 P
2122 3839 2194 3879 erit
2207 3840 2410 3890 positivus,
