<?xml version="1.0" encoding="UTF-8"?>
<!DOCTYPE html PUBLIC "-//W3C//DTD XHTML 1.0 Transitional//EN"
    "http://www.w3.org/TR/xhtml1/DTD/xhtml1-transitional.dtd">
<html xmlns="http://www.w3.org/1999/xhtml" xml:lang="en" lang="en">
 <head>
  <title>
</title>
<meta http-equiv="Content-Type" content="text/html;charset=utf-8" />
  <meta name='ocr-system' content='tesseract 3.04.00' />
  <meta name='ocr-capabilities' content='ocr_page ocr_carea ocr_par ocr_line ocrx_word'/>
</head>
<body>
  <div class='ocr_page' id='page_1' title='image "./philonatrualprin04newtrich_0077.png"; bbox 0 0 2540 4296; ppageno 0'>
   <div class='ocr_carea' id='block_1_1' title="bbox 84 294 1715 366">
    <p class='ocr_par' dir='ltr' id='par_1_1' title="bbox 84 294 1715 366">
     <span class='ocr_line' id='line_1_1' title="bbox 84 294 1715 366; baseline -0.008 -7"><span class='ocrx_word' id='word_1_1' title='bbox 84 309 269 361; x_wconf 77' lang='lat' dir='ltr'><strong>LmER</strong></span> <span class='ocrx_word' id='word_1_2' title='bbox 295 304 594 366; x_wconf 53' lang='lat' dir='ltr'><strong>Tamna]</strong></span> <span class='ocrx_word' id='word_1_3' title='bbox 660 297 1258 352; x_wconf 89' lang='lat' dir='ltr'><strong>MATHEMATICA</strong></span> <span class='ocrx_word' id='word_1_4' title='bbox 1298 294 1715 348; x_wconf 86' lang='lat' dir='ltr'><strong>PRINCIPIA.</strong></span> 
     </span>
    </p>
   </div>
   <div class='ocr_carea' id='block_1_2' title="bbox 159 445 398 495">
    <p class='ocr_par' dir='ltr' id='par_1_2' title="bbox 159 445 398 495">
     <span class='ocr_line' id='line_1_2' title="bbox 159 445 398 495; baseline -0.013 0"><span class='ocrx_word' id='word_1_5' title='bbox 159 445 322 495; x_wconf 85' lang='lat' dir='ltr'><strong>Corol.</strong></span> <span class='ocrx_word' id='word_1_6' title='bbox 352 449 398 493; x_wconf 81' lang='lat'><strong>3.</strong></span> 
     </span>
    </p>
   </div>
   <div class='ocr_carea' id='block_1_3' title="bbox 2153 301 2218 345">
    <p class='ocr_par' dir='ltr' id='par_1_3' title="bbox 2153 301 2218 345">
     <span class='ocr_line' id='line_1_3' title="bbox 2153 301 2218 345; baseline 0 0"><span class='ocrx_word' id='word_1_7' title='bbox 2153 301 2218 345; x_wconf 90' lang='grc'><strong>59</strong></span> 
     </span>
    </p>
   </div>
   <div class='ocr_carea' id='block_1_4' title="bbox 476 430 2217 496">
    <p class='ocr_par' dir='ltr' id='par_1_4' title="bbox 476 430 2217 496">
     <span class='ocr_line' id='line_1_4' title="bbox 476 430 2217 496; baseline -0.006 -5"><span class='ocrx_word' id='word_1_8' title='bbox 476 438 704 491; x_wconf 82' lang='lat' dir='ltr'>Proinde</span> <span class='ocrx_word' id='word_1_9' title='bbox 739 436 794 486; x_wconf 91' lang='lat' dir='ltr'><strong>in</strong></span> <span class='ocrx_word' id='word_1_10' title='bbox 830 435 952 486; x_wconf 87' lang='lat' dir='ltr'><strong>dato</strong></span> <span class='ocrx_word' id='word_1_11' title='bbox 989 434 1248 484; x_wconf 91' lang='lat' dir='ltr'><strong>nodorum</strong></span> <span class='ocrx_word' id='word_1_12' title='bbox 1286 434 1401 496; x_wconf 89' lang='lat' dir='ltr'><strong>situ,</strong></span> <span class='ocrx_word' id='word_1_13' title='bbox 1443 433 1656 484; x_wconf 82' lang='lat' dir='ltr'>variatio</span> <span class='ocrx_word' id='word_1_14' title='bbox 1694 430 1968 483; x_wconf 87' lang='lat' dir='ltr'><strong>mediocris</strong></span> <span class='ocrx_word' id='word_1_15' title='bbox 1993 430 2217 494; x_wconf 88' lang='lat' dir='ltr'><strong>horaria,</strong></span> 
     </span>
    </p>
   </div>
   <div class='ocr_carea' id='block_1_5' title="bbox 84 523 2219 602">
    <p class='ocr_par' dir='ltr' id='par_1_5' title="bbox 84 523 2219 602">
     <span class='ocr_line' id='line_1_5' title="bbox 84 523 2219 602; baseline -0.006 -17"><span class='ocrx_word' id='word_1_16' title='bbox 84 551 155 585; x_wconf 66' lang='lat' dir='ltr'><strong>exv</strong></span> <span class='ocrx_word' id='word_1_17' title='bbox 176 531 274 602; x_wconf 68' lang='lat' dir='ltr'><strong>qua</strong></span> <span class='ocrx_word' id='word_1_18' title='bbox 302 549 396 600; x_wconf 89' lang='lat' dir='ltr'><strong>per</strong></span> <span class='ocrx_word' id='word_1_19' title='bbox 419 547 650 581; x_wconf 88' lang='lat' dir='ltr'><strong>mensem</strong></span> <span class='ocrx_word' id='word_1_20' title='bbox 674 524 998 578; x_wconf 86' lang='lat' dir='ltr'><strong>uniformiter</strong></span> <span class='ocrx_word' id='word_1_21' title='bbox 1023 524 1322 575; x_wconf 88' lang='lat' dir='ltr'><strong>continuata</strong></span> <span class='ocrx_word' id='word_1_22' title='bbox 1345 523 1559 574; x_wconf 84' lang='lat' dir='ltr'>variatio</span> <span class='ocrx_word' id='word_1_23' title='bbox 1584 523 1674 573; x_wconf 86' lang='lat' dir='ltr'><strong>illa</strong></span> <span class='ocrx_word' id='word_1_24' title='bbox 1696 531 1963 573; x_wconf 87' lang='lat' dir='ltr'><strong>menstrua</strong></span> <span class='ocrx_word' id='word_1_25' title='bbox 1981 523 2219 591; x_wconf 85' lang='lat' dir='ltr'><strong>generari</strong></span> 
     </span>
    </p>
   </div>
   <div class='ocr_carea' id='block_1_6' title="bbox 82 615 2219 750">
    <p class='ocr_par' dir='ltr' id='par_1_6' title="bbox 82 615 2219 750">
     <span class='ocr_line' id='line_1_6' title="bbox 82 615 2219 750; baseline -0.005 -43"><span class='ocrx_word' id='word_1_26' title='bbox 82 664 271 725; x_wconf 86' lang='lat' dir='ltr'><strong>posset,</strong></span> <span class='ocrx_word' id='word_1_27' title='bbox 300 665 376 705; x_wconf 89' lang='lat' dir='ltr'><strong>est</strong></span> <span class='ocrx_word' id='word_1_28' title='bbox 401 654 468 705; x_wconf 89' lang='lat' dir='ltr'><strong>ad</strong></span> <span class='ocrx_word' id='word_1_29' title='bbox 495 654 609 706; x_wconf 79' lang='lat'>33&#39;&#39;.</span> <span class='ocrx_word' id='word_1_30' title='bbox 641 649 770 702; x_wconf 67' lang='lat' dir='ltr'><strong>lO&#39;f&#39;.</strong></span> <span class='ocrx_word' id='word_1_31' title='bbox 800 646 917 701; x_wconf 50' lang='lat'><strong>331⁸&amp;</strong></span> <span class='ocrx_word' id='word_1_32' title='bbox 944 657 1002 699; x_wconf 93' lang='lat' dir='ltr'><strong>ut</strong></span> <span class='ocrx_word' id='word_1_33' title='bbox 1027 648 1078 700; x_wconf 94' lang='lat' dir='ltr'>A</span> <span class='ocrx_word' id='word_1_34' title='bbox 1106 647 1148 698; x_wconf 95' lang='lat' dir='ltr'>Z</span> <span class='ocrx_word' id='word_1_35' title='bbox 1178 659 1220 701; x_wconf 85' lang='lat'><strong>&gt;&lt;</strong></span> <span class='ocrx_word' id='word_1_36' title='bbox 1252 646 1304 697; x_wconf 93' lang='grc' dir='ltr'><strong>Τ</strong></span> <span class='ocrx_word' id='word_1_37' title='bbox 1331 646 1373 697; x_wconf 94' lang='grc' dir='ltr'>Ζ</span> <span class='ocrx_word' id='word_1_38' title='bbox 1403 659 1444 702; x_wconf 88' lang='grc'><strong>&gt;&lt;</strong></span> <span class='ocrx_word' id='word_1_39' title='bbox 1476 615 1599 750; x_wconf 51' lang='lat' dir='ltr'><strong>{g</strong></span> <span class='ocrx_word' id='word_1_40' title='bbox 1635 646 1703 697; x_wconf 89' lang='lat' dir='ltr'><strong>ad</strong></span> <span class='ocrx_word' id='word_1_41' title='bbox 1740 654 1772 698; x_wconf 78' lang='lat'><strong>2</strong></span> <span class='ocrx_word' id='word_1_42' title='bbox 1801 647 1853 699; x_wconf 94' lang='lat' dir='ltr'><strong>A</strong></span> <span class='ocrx_word' id='word_1_43' title='bbox 1880 645 1932 698; x_wconf 94' lang='grc' dir='ltr'>Τ</span> <span class='ocrx_word' id='word_1_44' title='bbox 1956 665 1991 716; x_wconf 91' lang='lat' dir='ltr'><strong>q</strong></span> <span class='ocrx_word' id='word_1_45' title='bbox 2031 645 2135 697; x_wconf 91' lang='lat' dir='ltr'><strong>sive</strong></span> <span class='ocrx_word' id='word_1_46' title='bbox 2162 655 2219 696; x_wconf 91' lang='lat' dir='ltr'><strong>ut</strong></span> 
     </span>
    </p>
   </div>
   <div class='ocr_carea' id='block_1_7' title="bbox 85 812 562 928">
    <p class='ocr_par' dir='ltr' id='par_1_7' title="bbox 85 812 562 928">
     <span class='ocr_line' id='line_1_7' title="bbox 85 812 562 928; baseline 0 -64"><span class='ocrx_word' id='word_1_47' title='bbox 85 812 260 881; x_wconf 83' lang='lat' dir='ltr'>Pp&gt;&lt;</span> <span class='ocrx_word' id='word_1_48' title='bbox 376 859 562 928; x_wconf 46' lang='lat' dir='ltr'><strong>{AT</strong></span> 
     </span>
    </p>
   </div>
   <div class='ocr_carea' id='block_1_8' title="bbox 79 962 1166 1033">
    <p class='ocr_par' dir='ltr' id='par_1_8' title="bbox 79 962 1166 1033">
     <span class='ocr_line' id='line_1_8' title="bbox 79 962 1166 1033; baseline -0.009 -10"><span class='ocrx_word' id='word_1_49' title='bbox 79 987 178 1022; x_wconf 87' lang='lat' dir='ltr'><strong>nus</strong></span> <span class='ocrx_word' id='word_1_50' title='bbox 203 964 543 1020; x_wconf 89' lang='lat' dir='ltr'><strong>inclinationis</strong></span> <span class='ocrx_word' id='word_1_51' title='bbox 568 964 832 1033; x_wconf 86' lang='lat' dir='ltr'><strong>praedictae</strong></span> <span class='ocrx_word' id='word_1_52' title='bbox 857 962 924 1014; x_wconf 86' lang='lat' dir='ltr'><strong>ad</strong></span> <span class='ocrx_word' id='word_1_53' title='bbox 947 962 1166 1025; x_wconf 87' lang='lat' dir='ltr'><strong>radium,</strong></span> 
     </span>
    </p>
   </div>
   <div class='ocr_carea' id='block_1_9' title="bbox 81 1147 1117 1250">
    <p class='ocr_par' dir='ltr' id='par_1_9' title="bbox 81 1147 1117 1250">
     <span class='ocr_line' id='line_1_9' title="bbox 81 1147 1117 1250; baseline -0.012 -29"><span class='ocrx_word' id='word_1_54' title='bbox 81 1147 945 1250; x_wconf 54' lang='lat' dir='ltr'><strong>xTZxPP-{adexATcun</strong></span> <span class='ocrx_word' id='word_1_55' title='bbox 1008 1172 1117 1211; x_wconf 82' lang='lat' dir='ltr'><strong>Siin</strong></span> 
     </span>
    </p>
   </div>
   <div class='ocr_carea' id='block_1_10' title="bbox 77 1259 1115 1312">
    <p class='ocr_par' dir='ltr' id='par_1_10' title="bbox 77 1259 1115 1312">
     <span class='ocr_line' id='line_1_10' title="bbox 77 1259 1115 1312; baseline -0.011 -5"><span class='ocrx_word' id='word_1_56' title='bbox 77 1270 151 1308; x_wconf 87' lang='lat' dir='ltr'><strong>hac</strong></span> <span class='ocrx_word' id='word_1_57' title='bbox 176 1267 323 1306; x_wconf 90' lang='lat' dir='ltr'><strong>ratione</strong></span> <span class='ocrx_word' id='word_1_58' title='bbox 350 1266 434 1303; x_wconf 90' lang='lat' dir='ltr'><strong>loco</strong></span> <span class='ocrx_word' id='word_1_59' title='bbox 461 1262 593 1302; x_wconf 91' lang='lat' dir='ltr'><strong>circuli</strong></span> <span class='ocrx_word' id='word_1_60' title='bbox 616 1263 657 1306; x_wconf 90' lang='lat' dir='ltr'>Q</span> <span class='ocrx_word' id='word_1_61' title='bbox 677 1264 715 1299; x_wconf 89' lang='lat' dir='ltr'><strong>A</strong></span> <span class='ocrx_word' id='word_1_62' title='bbox 734 1274 760 1312; x_wconf 89' lang='lat' dir='ltr'>q</span> <span class='ocrx_word' id='word_1_63' title='bbox 777 1275 810 1306; x_wconf 89' lang='lat' dir='ltr'><strong>a,</strong></span> <span class='ocrx_word' id='word_1_64' title='bbox 840 1267 1005 1309; x_wconf 88' lang='lat' dir='ltr'><strong>ponatur</strong></span> <span class='ocrx_word' id='word_1_65' title='bbox 1031 1259 1115 1310; x_wconf 91' lang='lat' dir='ltr'><strong>ejus</strong></span> 
     </span>
    </p>
   </div>
   <div class='ocr_carea' id='block_1_11' title="bbox 77 1312 1114 1372">
    <p class='ocr_par' dir='ltr' id='par_1_11' title="bbox 77 1312 1114 1372">
     <span class='ocr_line' id='line_1_11' title="bbox 77 1312 1114 1372; baseline -0.011 -12"><span class='ocrx_word' id='word_1_66' title='bbox 77 1322 183 1361; x_wconf 90' lang='lat' dir='ltr'><strong>valor</strong></span> <span class='ocrx_word' id='word_1_67' title='bbox 202 1321 269 1372; x_wconf 91' lang='lat' dir='ltr'><strong>qui</strong></span> <span class='ocrx_word' id='word_1_68' title='bbox 289 1327 345 1357; x_wconf 91' lang='lat' dir='ltr'><strong>est</strong></span> <span class='ocrx_word' id='word_1_69' title='bbox 366 1315 673 1357; x_wconf 80' lang='lat' dir='ltr'><strong>circumferentia</strong></span> <span class='ocrx_word' id='word_1_70' title='bbox 702 1315 740 1360; x_wconf 87' lang='lat' dir='ltr'>Q</span> <span class='ocrx_word' id='word_1_71' title='bbox 762 1316 801 1352; x_wconf 92' lang='lat' dir='ltr'>A</span> <span class='ocrx_word' id='word_1_72' title='bbox 828 1327 853 1364; x_wconf 93' lang='lat' dir='ltr'>q</span> <span class='ocrx_word' id='word_1_73' title='bbox 881 1326 904 1351; x_wconf 87' lang='lat' dir='ltr'><strong>a</strong></span> <span class='ocrx_word' id='word_1_74' title='bbox 929 1312 1047 1351; x_wconf 75' lang='lat' dir='ltr'><strong>ducta</strong></span> <span class='ocrx_word' id='word_1_75' title='bbox 1073 1312 1114 1349; x_wconf 91' lang='lat' dir='ltr'><strong>in</strong></span> 
     </span>
    </p>
   </div>
   <div class='ocr_carea' id='block_1_12' title="bbox 78 1367 1115 1471">
    <p class='ocr_par' dir='ltr' id='par_1_12' title="bbox 78 1367 1115 1471">
     <span class='ocr_line' id='line_1_12' title="bbox 78 1367 1115 1471; baseline -0.013 -24"><span class='ocrx_word' id='word_1_76' title='bbox 78 1406 286 1446; x_wconf 83' lang='lat' dir='ltr'><strong>dimidium</strong></span> <span class='ocrx_word' id='word_1_77' title='bbox 306 1404 403 1443; x_wconf 89' lang='lat' dir='ltr'><strong>radii</strong></span> <span class='ocrx_word' id='word_1_78' title='bbox 421 1417 489 1442; x_wconf 86' lang='lat' dir='ltr'><strong>seu</strong></span> <span class='ocrx_word' id='word_1_79' title='bbox 507 1401 551 1439; x_wconf 88' lang='lat' dir='ltr'><strong>in</strong></span> <span class='ocrx_word' id='word_1_80' title='bbox 567 1367 680 1471; x_wconf 40' lang='grc' dir='ltr'><strong>ΑΞΖΓ,</strong></span> <span class='ocrx_word' id='word_1_81' title='bbox 706 1401 790 1439; x_wconf 85' lang='lat' dir='ltr'><strong>haec</strong></span> <span class='ocrx_word' id='word_1_82' title='bbox 808 1398 904 1438; x_wconf 88' lang='lat' dir='ltr'><strong>ratio</strong></span> <span class='ocrx_word' id='word_1_83' title='bbox 921 1398 1023 1444; x_wconf 88' lang='lat' dir='ltr'><strong>licet,</strong></span> <span class='ocrx_word' id='word_1_84' title='bbox 1043 1397 1115 1435; x_wconf 89' lang='lat' dir='ltr'><strong>cir-</strong></span> 
     </span>
    </p>
   </div>
   <div class='ocr_carea' id='block_1_13' title="bbox 77 1485 704 1572">
    <p class='ocr_par' dir='ltr' id='par_1_13' title="bbox 77 1485 704 1572">
     <span class='ocr_line' id='line_1_13' title="bbox 77 1485 704 1572; baseline -0.005 -9"><span class='ocrx_word' id='word_1_85' title='bbox 77 1523 328 1563; x_wconf 85' lang='lat' dir='ltr'><strong>cumferentia</strong></span> <span class='ocrx_word' id='word_1_86' title='bbox 349 1522 391 1567; x_wconf 97' lang='lat' dir='ltr'>Q</span> <span class='ocrx_word' id='word_1_87' title='bbox 403 1522 441 1559; x_wconf 89' lang='lat' dir='ltr'>A</span> <span class='ocrx_word' id='word_1_88' title='bbox 460 1534 486 1572; x_wconf 92' lang='lat' dir='ltr'>q</span> <span class='ocrx_word' id='word_1_89' title='bbox 503 1533 526 1559; x_wconf 91' lang='lat' dir='ltr'><strong>a</strong></span> <span class='ocrx_word' id='word_1_90' title='bbox 546 1525 588 1566; x_wconf 87' lang='grc' dir='ltr'>Χ</span> <span class='ocrx_word' id='word_1_91' title='bbox 614 1489 652 1524; x_wconf 80' lang='lat' dir='ltr'>A</span> <span class='ocrx_word' id='word_1_92' title='bbox 669 1485 704 1522; x_wconf 80' lang='grc' dir='ltr'>Τ</span> 
     </span>
    </p>
   </div>
   <div class='ocr_carea' id='block_1_14' title="bbox 81 1556 1117 1714">
    <p class='ocr_par' dir='ltr' id='par_1_14' title="bbox 81 1556 1117 1714">
     <span class='ocr_line' id='line_1_14' title="bbox 644 1556 668 1589; baseline 0 0"><span class='ocrx_word' id='word_1_93' title='bbox 644 1556 668 1589; x_wconf 80' lang='lat'>2</span> 
     </span>
     <span class='ocr_line' id='line_1_15' title="bbox 81 1610 1117 1714; baseline -0.01 -34"><span class='ocrx_word' id='word_1_94' title='bbox 81 1610 176 1714; x_wconf 43' lang='lat'>1135&amp;</span> <span class='ocrx_word' id='word_1_95' title='bbox 194 1641 244 1680; x_wconf 87' lang='lat' dir='ltr'><strong>ad</strong></span> <span class='ocrx_word' id='word_1_96' title='bbox 264 1641 313 1679; x_wconf 92' lang='lat' dir='ltr'>M</span> <span class='ocrx_word' id='word_1_97' title='bbox 330 1653 356 1689; x_wconf 90' lang='lat' dir='ltr'><strong>p</strong></span> <span class='ocrx_word' id='word_1_98' title='bbox 377 1644 420 1687; x_wconf 87' lang='lat'><strong>&gt;&lt;</strong></span> <span class='ocrx_word' id='word_1_99' title='bbox 446 1639 485 1677; x_wconf 90' lang='lat' dir='ltr'>A</span> <span class='ocrx_word' id='word_1_100' title='bbox 507 1638 543 1676; x_wconf 94' lang='lat' dir='ltr'>T</span> <span class='ocrx_word' id='word_1_101' title='bbox 561 1639 648 1676; x_wconf 90' lang='lat' dir='ltr'><strong>cub.</strong></span> <span class='ocrx_word' id='word_1_102' title='bbox 710 1635 996 1686; x_wconf 87' lang='lat' dir='ltr'><strong>Multiplicetur</strong></span> <span class='ocrx_word' id='word_1_103' title='bbox 1014 1642 1117 1673; x_wconf 89' lang='lat' dir='ltr'><strong>uter-</strong></span> 
     </span>
    </p>
   </div>
   <div class='ocr_carea' id='block_1_15' title="bbox 76 1720 1119 1829">
    <p class='ocr_par' dir='ltr' id='par_1_15' title="bbox 76 1720 1119 1829">
     <span class='ocr_line' id='line_1_16' title="bbox 77 1720 1118 1778; baseline -0.01 -12"><span class='ocrx_word' id='word_1_104' title='bbox 77 1740 153 1778; x_wconf 91' lang='lat' dir='ltr'><strong>que</strong></span> <span class='ocrx_word' id='word_1_105' title='bbox 171 1727 357 1764; x_wconf 89' lang='lat' dir='ltr'><strong>terminus</strong></span> <span class='ocrx_word' id='word_1_106' title='bbox 375 1736 443 1773; x_wconf 91' lang='lat' dir='ltr'><strong>per</strong></span> <span class='ocrx_word' id='word_1_107' title='bbox 470 1728 506 1761; x_wconf 80' lang='lat'><strong>2.</strong></span> <span class='ocrx_word' id='word_1_108' title='bbox 539 1730 578 1760; x_wconf 88' lang='lat' dir='ltr'><strong>et</strong></span> <span class='ocrx_word' id='word_1_109' title='bbox 604 1721 797 1760; x_wconf 84' lang='lat' dir='ltr'><strong>dividatur</strong></span> <span class='ocrx_word' id='word_1_110' title='bbox 814 1734 881 1771; x_wconf 90' lang='lat' dir='ltr'><strong>per</strong></span> <span class='ocrx_word' id='word_1_111' title='bbox 904 1720 941 1758; x_wconf 89' lang='lat' dir='ltr'>A</span> <span class='ocrx_word' id='word_1_112' title='bbox 964 1720 1011 1766; x_wconf 94' lang='lat' dir='ltr'><strong>T,</strong></span> <span class='ocrx_word' id='word_1_113' title='bbox 1041 1732 1118 1757; x_wconf 90' lang='lat' dir='ltr'><strong>non</strong></span> 
     </span>
     <span class='ocr_line' id='line_1_17' title="bbox 76 1775 1119 1829; baseline -0.009 -10"><span class='ocrx_word' id='word_1_114' title='bbox 76 1780 290 1819; x_wconf 87' lang='lat' dir='ltr'><strong>mutabitur</strong></span> <span class='ocrx_word' id='word_1_115' title='bbox 307 1778 403 1817; x_wconf 86' lang='lat' dir='ltr'><strong>ratio</strong></span> <span class='ocrx_word' id='word_1_116' title='bbox 421 1784 460 1815; x_wconf 93' lang='lat' dir='ltr'><strong>et</strong></span> <span class='ocrx_word' id='word_1_117' title='bbox 477 1776 542 1815; x_wconf 89' lang='lat' dir='ltr'><strong>fiet</strong></span> <span class='ocrx_word' id='word_1_118' title='bbox 560 1784 605 1815; x_wconf 82' lang='lat' dir='ltr'><strong>ut</strong></span> <span class='ocrx_word' id='word_1_119' title='bbox 624 1776 928 1829; x_wconf 80' lang='lat' dir='ltr'><strong>circumferentia</strong></span> <span class='ocrx_word' id='word_1_120' title='bbox 949 1775 981 1817; x_wconf 80' lang='lat' dir='ltr'>Q</span> <span class='ocrx_word' id='word_1_121' title='bbox 997 1775 1035 1812; x_wconf 89' lang='lat' dir='ltr'><em>A</em></span> <span class='ocrx_word' id='word_1_122' title='bbox 1054 1788 1077 1823; x_wconf 85' lang='lat' dir='ltr'><strong>q</strong></span> <span class='ocrx_word' id='word_1_123' title='bbox 1094 1787 1119 1810; x_wconf 85' lang='lat' dir='ltr'><strong>a</strong></span> 
     </span>
    </p>
   </div>
   <div class='ocr_carea' id='block_1_16' title="bbox 77 1832 1113 1933">
    <p class='ocr_par' dir='ltr' id='par_1_16' title="bbox 77 1832 1113 1933">
     <span class='ocr_line' id='line_1_18' title="bbox 77 1832 1113 1933; baseline -0.01 -27"><span class='ocrx_word' id='word_1_124' title='bbox 77 1868 193 1906; x_wconf 81' lang='lat' dir='ltr'><strong>ducta</strong></span> <span class='ocrx_word' id='word_1_125' title='bbox 211 1868 254 1905; x_wconf 80' lang='lat' dir='ltr'><strong>in</strong></span> <span class='ocrx_word' id='word_1_126' title='bbox 273 1866 312 1903; x_wconf 90' lang='lat' dir='ltr'><em>A</em></span> <span class='ocrx_word' id='word_1_127' title='bbox 333 1867 368 1903; x_wconf 91' lang='lat' dir='ltr'><strong><em>Z</em></strong></span> <span class='ocrx_word' id='word_1_128' title='bbox 387 1869 429 1911; x_wconf 90' lang='grc'><strong>&gt;&lt;</strong></span> <span class='ocrx_word' id='word_1_129' title='bbox 459 1865 610 1909; x_wconf 87' lang='grc' dir='ltr'><strong>ΤΖΧ</strong></span> <span class='ocrx_word' id='word_1_130' title='bbox 633 1832 1113 1933; x_wconf 54' lang='grc' dir='ltr'><strong>ζ-ῙέαάΜΡΧΑΤᾳιι.</strong></span> 
     </span>
    </p>
   </div>
   <div class='ocr_carea' id='block_1_17' title="bbox 727 1517 1112 1565">
    <p class='ocr_par' dir='ltr' id='par_1_17' title="bbox 727 1517 1112 1565">
     <span class='ocr_line' id='line_1_19' title="bbox 727 1517 1112 1565; baseline -0.013 -8"><span class='ocrx_word' id='word_1_131' title='bbox 727 1517 1112 1565; x_wconf 84' lang='lat' dir='ltr'><strong>&gt;&lt;AZ&gt;&lt;TZ&gt;&lt;</strong></span> 
     </span>
    </p>
   </div>
   <div class='ocr_carea' id='block_1_18' title="bbox 76 1960 1114 2236">
    <p class='ocr_par' dir='ltr' id='par_1_18' title="bbox 76 1960 1114 2171">
     <span class='ocr_line' id='line_1_20' title="bbox 132 1960 1113 2020; baseline -0.01 -14"><span class='ocrx_word' id='word_1_132' title='bbox 132 1967 184 2020; x_wconf 79' lang='lat'><strong>(⁸)</strong></span> <span class='ocrx_word' id='word_1_133' title='bbox 226 1969 277 2006; x_wconf 86' lang='lat' dir='ltr'><strong>Ut</strong></span> <span class='ocrx_word' id='word_1_134' title='bbox 308 1968 416 2005; x_wconf 80' lang='lat' dir='ltr'><strong>sinus</strong></span> <span class='ocrx_word' id='word_1_135' title='bbox 434 1965 619 2015; x_wconf 82' lang='lat' dir='ltr'><strong>duplicati</strong></span> <span class='ocrx_word' id='word_1_136' title='bbox 636 1965 781 2013; x_wconf 79' lang='lat' dir='ltr'><strong>anguli.</strong></span> <span class='ocrx_word' id='word_1_137' title='bbox 843 1961 908 1999; x_wconf 84' lang='lat' dir='ltr'><strong>Ex</strong></span> <span class='ocrx_word' id='word_1_138' title='bbox 941 1960 1113 2011; x_wconf 87' lang='lat' dir='ltr'><strong>trigono-</strong></span> 
     </span>
     <span class='ocr_line' id='line_1_21' title="bbox 76 2013 1114 2065; baseline -0.011 -6"><span class='ocrx_word' id='word_1_139' title='bbox 76 2021 223 2059; x_wconf 89' lang='lat' dir='ltr'><strong>metriae</strong></span> <span class='ocrx_word' id='word_1_140' title='bbox 241 2018 439 2057; x_wconf 89' lang='lat' dir='ltr'><strong>elementis</strong></span> <span class='ocrx_word' id='word_1_141' title='bbox 458 2018 565 2055; x_wconf 87' lang='lat' dir='ltr'><strong>sinus</strong></span> <span class='ocrx_word' id='word_1_142' title='bbox 590 2016 779 2065; x_wconf 88' lang='lat' dir='ltr'><strong>duplicati</strong></span> <span class='ocrx_word' id='word_1_143' title='bbox 806 2013 940 2064; x_wconf 87' lang='lat' dir='ltr'><strong>anguli</strong></span> <span class='ocrx_word' id='word_1_144' title='bbox 973 2018 1010 2050; x_wconf 87' lang='lat' dir='ltr'><strong>A</strong></span> <span class='ocrx_word' id='word_1_145' title='bbox 1034 2014 1070 2053; x_wconf 93' lang='lat' dir='ltr'>T</span> <span class='ocrx_word' id='word_1_146' title='bbox 1088 2027 1114 2049; x_wconf 92' lang='lat' dir='ltr'><strong>n</strong></span> 
     </span>
     <span class='ocr_line' id='line_1_22' title="bbox 76 2067 1113 2123; baseline -0.007 -11"><span class='ocrx_word' id='word_1_147' title='bbox 76 2075 155 2112; x_wconf 85' lang='lat' dir='ltr'><strong>sive</strong></span> <span class='ocrx_word' id='word_1_148' title='bbox 177 2074 214 2111; x_wconf 90' lang='lat' dir='ltr'><strong>A</strong></span> <span class='ocrx_word' id='word_1_149' title='bbox 233 2074 268 2111; x_wconf 92' lang='lat' dir='ltr'>T</span> <span class='ocrx_word' id='word_1_150' title='bbox 283 2073 335 2117; x_wconf 90' lang='lat' dir='ltr'><strong>N,</strong></span> <span class='ocrx_word' id='word_1_151' title='bbox 356 2073 467 2123; x_wconf 85' lang='lat' dir='ltr'><strong>cujus</strong></span> <span class='ocrx_word' id='word_1_152' title='bbox 485 2070 590 2107; x_wconf 90' lang='lat' dir='ltr'><strong>sinus</strong></span> <span class='ocrx_word' id='word_1_153' title='bbox 608 2077 664 2107; x_wconf 87' lang='lat' dir='ltr'><strong>est</strong></span> <span class='ocrx_word' id='word_1_154' title='bbox 681 2071 718 2107; x_wconf 94' lang='lat' dir='ltr'><strong>A</strong></span> <span class='ocrx_word' id='word_1_155' title='bbox 738 2070 769 2106; x_wconf 95' lang='lat' dir='ltr'>Z</span> <span class='ocrx_word' id='word_1_156' title='bbox 789 2075 827 2106; x_wconf 90' lang='lat' dir='ltr'><strong>et</strong></span> <span class='ocrx_word' id='word_1_157' title='bbox 844 2067 998 2105; x_wconf 87' lang='lat' dir='ltr'><strong>cosinus</strong></span> <span class='ocrx_word' id='word_1_158' title='bbox 1019 2067 1055 2104; x_wconf 93' lang='lat' dir='ltr'><strong>T</strong></span> <span class='ocrx_word' id='word_1_159' title='bbox 1070 2067 1113 2113; x_wconf 94' lang='lat' dir='ltr'><strong>Z,</strong></span> 
     </span>
     <span class='ocr_line' id='line_1_23' title="bbox 153 2121 873 2171; baseline -0.008 -6"><span class='ocrx_word' id='word_1_160' title='bbox 153 2124 470 2171; x_wconf 81' lang='lat' dir='ltr'><strong>2AZ&gt;&lt;TZ</strong></span> <span class='ocrx_word' id='word_1_161' title='bbox 515 2154 525 2162; x_wconf 91' lang='lat'>.</span> <span class='ocrx_word' id='word_1_162' title='bbox 605 2121 873 2168; x_wconf 87' lang='lat' dir='ltr'>AZ&gt;&lt;TZ</span> 
     </span>
    </p>

    <p class='ocr_par' dir='ltr' id='par_1_19' title="bbox 259 2167 886 2236">
     <span class='ocr_line' id='line_1_24' title="bbox 259 2167 886 2236; baseline -0.008 -10"><span class='ocrx_word' id='word_1_163' title='bbox 259 2192 292 2226; x_wconf 89' lang='lat' dir='ltr'><strong>A</strong></span> <span class='ocrx_word' id='word_1_164' title='bbox 319 2189 355 2226; x_wconf 90' lang='lat' dir='ltr'>T</span> <span class='ocrx_word' id='word_1_165' title='bbox 494 2167 573 2192; x_wconf 58' lang='lat' dir='ltr'><strong>⁵¹oe</strong></span> <span class='ocrx_word' id='word_1_166' title='bbox 614 2175 886 2236; x_wconf 51' lang='lat' dir='ltr'><strong>W&#39;</strong></span> 
     </span>
    </p>
   </div>
   <div class='ocr_carea' id='block_1_19' title="bbox 159 2178 328 2186">
    <p class='ocr_par' dir='ltr' id='par_1_20' title="bbox 159 2178 328 2186">
     <span class='ocr_line' id='line_1_25' title="bbox 159 2178 328 2186; baseline 0 2110"><span class='ocrx_word' id='word_1_167' title='bbox 159 2178 328 2186; x_wconf 95' lang='lat' dir='ltr'><strong> </strong></span> 
     </span>
    </p>
   </div>
   <div class='ocr_carea' id='block_1_20' title="bbox 331 2178 458 2185">
    <p class='ocr_par' dir='ltr' id='par_1_21' title="bbox 331 2178 458 2185">
     <span class='ocr_line' id='line_1_26' title="bbox 331 2178 458 2185; baseline 0 2111"><span class='ocrx_word' id='word_1_168' title='bbox 331 2178 458 2185; x_wconf 95' lang='lat' dir='ltr'><strong> </strong></span> 
     </span>
    </p>
   </div>
   <div class='ocr_carea' id='block_1_21' title="bbox 77 2166 134 2197">
    <p class='ocr_par' dir='ltr' id='par_1_22' title="bbox 77 2166 134 2197">
     <span class='ocr_line' id='line_1_27' title="bbox 77 2166 134 2197; baseline 0 0"><span class='ocrx_word' id='word_1_169' title='bbox 77 2166 134 2197; x_wconf 68' lang='lat' dir='ltr'><strong>est</strong></span> 
     </span>
    </p>
   </div>
   <div class='ocr_carea' id='block_1_22' title="bbox 66 2254 1119 2999">
    <p class='ocr_par' dir='ltr' id='par_1_23' title="bbox 66 2254 1118 2575">
     <span class='ocr_line' id='line_1_28' title="bbox 133 2254 1115 2306; baseline -0.005 -8"><span class='ocrx_word' id='word_1_170' title='bbox 133 2259 302 2306; x_wconf 79' lang='lat' dir='ltr'><strong>Quando</strong></span> <span class='ocrx_word' id='word_1_171' title='bbox 316 2265 445 2296; x_wconf 86' lang='lat' dir='ltr'><strong>autem</strong></span> <span class='ocrx_word' id='word_1_172' title='bbox 459 2257 625 2306; x_wconf 88' lang='lat' dir='ltr'><strong>duplum</strong></span> <span class='ocrx_word' id='word_1_173' title='bbox 639 2254 774 2306; x_wconf 89' lang='lat' dir='ltr'><strong>anguli</strong></span> <span class='ocrx_word' id='word_1_174' title='bbox 796 2255 833 2293; x_wconf 95' lang='lat' dir='ltr'><strong>A</strong></span> <span class='ocrx_word' id='word_1_175' title='bbox 853 2255 889 2293; x_wconf 95' lang='lat' dir='ltr'>T</span> <span class='ocrx_word' id='word_1_176' title='bbox 906 2255 947 2293; x_wconf 93' lang='lat' dir='ltr'>N</span> <span class='ocrx_word' id='word_1_177' title='bbox 965 2254 1115 2293; x_wconf 86' lang='lat' dir='ltr'><strong>excedit</strong></span> 
     </span>
     <span class='ocr_line' id='line_1_29' title="bbox 75 2308 1115 2360; baseline -0.007 -8"><span class='ocrx_word' id='word_1_178' title='bbox 75 2312 387 2356; x_wconf 82' lang='lat' dir='ltr'><strong>semi-circulum,</strong></span> <span class='ocrx_word' id='word_1_179' title='bbox 418 2311 495 2348; x_wconf 90' lang='lat' dir='ltr'><strong>sive</strong></span> <span class='ocrx_word' id='word_1_180' title='bbox 513 2309 668 2360; x_wconf 89' lang='lat' dir='ltr'><strong>quando</strong></span> <span class='ocrx_word' id='word_1_181' title='bbox 685 2308 853 2358; x_wconf 84' lang='lat' dir='ltr'><strong>angulus</strong></span> <span class='ocrx_word' id='word_1_182' title='bbox 875 2309 913 2346; x_wconf 89' lang='lat' dir='ltr'><strong>A</strong></span> <span class='ocrx_word' id='word_1_183' title='bbox 936 2309 972 2346; x_wconf 92' lang='lat' dir='ltr'>T</span> <span class='ocrx_word' id='word_1_184' title='bbox 993 2309 1032 2345; x_wconf 93' lang='lat' dir='ltr'>N</span> <span class='ocrx_word' id='word_1_185' title='bbox 1058 2316 1115 2346; x_wconf 89' lang='lat' dir='ltr'><strong>est</strong></span> 
     </span>
     <span class='ocr_line' id='line_1_30' title="bbox 66 2361 1118 2416; baseline -0.006 -10"><span class='ocrx_word' id='word_1_186' title='bbox 66 2375 214 2413; x_wconf 60' lang='lat' dir='ltr'><strong>rectus,</strong></span> <span class='ocrx_word' id='word_1_187' title='bbox 243 2366 397 2416; x_wconf 87' lang='lat' dir='ltr'><strong>signum</strong></span> <span class='ocrx_word' id='word_1_188' title='bbox 428 2364 536 2402; x_wconf 89' lang='lat' dir='ltr'><strong>sinus</strong></span> <span class='ocrx_word' id='word_1_189' title='bbox 561 2362 670 2412; x_wconf 88' lang='lat' dir='ltr'><strong>dupli</strong></span> <span class='ocrx_word' id='word_1_190' title='bbox 702 2361 838 2412; x_wconf 87' lang='lat' dir='ltr'><strong>anguli</strong></span> <span class='ocrx_word' id='word_1_191' title='bbox 869 2362 908 2399; x_wconf 90' lang='lat' dir='ltr'><strong>A</strong></span> <span class='ocrx_word' id='word_1_192' title='bbox 930 2361 962 2399; x_wconf 91' lang='lat' dir='ltr'>T</span> <span class='ocrx_word' id='word_1_193' title='bbox 984 2362 1038 2407; x_wconf 93' lang='lat' dir='ltr'><strong>N,</strong></span> <span class='ocrx_word' id='word_1_194' title='bbox 1071 2361 1118 2400; x_wconf 85' lang='lat' dir='ltr'><strong>fit</strong></span> 
     </span>
     <span class='ocr_line' id='line_1_31' title="bbox 75 2414 1117 2472; baseline -0.006 -13"><span class='ocrx_word' id='word_1_195' title='bbox 75 2421 299 2472; x_wconf 88' lang='lat' dir='ltr'><strong>negativum</strong></span> <span class='ocrx_word' id='word_1_196' title='bbox 318 2431 364 2456; x_wconf 86' lang='lat' dir='ltr'><strong>ex</strong></span> <span class='ocrx_word' id='word_1_197' title='bbox 382 2418 545 2467; x_wconf 89' lang='lat' dir='ltr'><strong>positivo</strong></span> <span class='ocrx_word' id='word_1_198' title='bbox 560 2431 572 2464; x_wconf 80' lang='lat'><em>3</em></span> <span class='ocrx_word' id='word_1_199' title='bbox 592 2414 748 2466; x_wconf 85' lang='lat' dir='ltr'><strong>quando</strong></span> <span class='ocrx_word' id='word_1_200' title='bbox 767 2414 936 2466; x_wconf 87' lang='lat' dir='ltr'><strong>angulus</strong></span> <span class='ocrx_word' id='word_1_201' title='bbox 958 2415 995 2452; x_wconf 93' lang='lat' dir='ltr'><strong>A</strong></span> <span class='ocrx_word' id='word_1_202' title='bbox 1018 2415 1055 2452; x_wconf 93' lang='lat' dir='ltr'>T</span> <span class='ocrx_word' id='word_1_203' title='bbox 1075 2416 1117 2453; x_wconf 92' lang='lat' dir='ltr'>N</span> 
     </span>
     <span class='ocr_line' id='line_1_32' title="bbox 75 2468 1118 2521; baseline -0.007 -9"><span class='ocrx_word' id='word_1_204' title='bbox 75 2473 226 2512; x_wconf 80' lang='lat' dir='ltr'><strong>excedit</strong></span> <span class='ocrx_word' id='word_1_205' title='bbox 256 2471 380 2510; x_wconf 66' lang='lat'>1803¹.</span> <span class='ocrx_word' id='word_1_206' title='bbox 406 2470 561 2521; x_wconf 88' lang='lat' dir='ltr'><strong>signum</strong></span> <span class='ocrx_word' id='word_1_207' title='bbox 593 2468 698 2507; x_wconf 67' lang='lat' dir='ltr'><strong>sinas</strong></span> <span class='ocrx_word' id='word_1_208' title='bbox 729 2468 812 2518; x_wconf 87' lang='lat' dir='ltr'><strong>ejus</strong></span> <span class='ocrx_word' id='word_1_209' title='bbox 838 2468 948 2518; x_wconf 88' lang='lat' dir='ltr'><strong>dupli</strong></span> <span class='ocrx_word' id='word_1_210' title='bbox 976 2468 1118 2506; x_wconf 88' lang='lat' dir='ltr'><strong>iterum</strong></span> 
     </span>
     <span class='ocr_line' id='line_1_33' title="bbox 75 2522 688 2575; baseline -0.013 -9"><span class='ocrx_word' id='word_1_211' title='bbox 75 2527 121 2566; x_wconf 90' lang='lat' dir='ltr'><strong>fit</strong></span> <span class='ocrx_word' id='word_1_212' title='bbox 137 2526 331 2575; x_wconf 87' lang='lat' dir='ltr'><strong>positivus,</strong></span> <span class='ocrx_word' id='word_1_213' title='bbox 352 2525 482 2574; x_wconf 89' lang='lat' dir='ltr'><strong>sicque</strong></span> <span class='ocrx_word' id='word_1_214' title='bbox 499 2522 688 2570; x_wconf 88' lang='lat' dir='ltr'><strong>deinceps.</strong></span> 
     </span>
    </p>

    <p class='ocr_par' dir='ltr' id='par_1_24' title="bbox 70 2574 1119 2999">
     <span class='ocr_line' id='line_1_34' title="bbox 134 2574 1115 2625; baseline -0.006 -8"><span class='ocrx_word' id='word_1_215' title='bbox 134 2579 348 2617; x_wconf 86' lang='lat' dir='ltr'><strong>Positivum</strong></span> <span class='ocrx_word' id='word_1_216' title='bbox 380 2585 511 2615; x_wconf 89' lang='lat' dir='ltr'><strong>autem</strong></span> <span class='ocrx_word' id='word_1_217' title='bbox 542 2575 698 2625; x_wconf 86' lang='lat' dir='ltr'><strong>signum</strong></span> <span class='ocrx_word' id='word_1_218' title='bbox 718 2574 892 2625; x_wconf 88' lang='lat' dir='ltr'><strong>designat</strong></span> <span class='ocrx_word' id='word_1_219' title='bbox 923 2574 1115 2625; x_wconf 75' lang='lat' dir='ltr'><strong>angulum</strong></span> 
     </span>
     <span class='ocr_line' id='line_1_35' title="bbox 76 2626 1115 2682; baseline -0.005 -12"><span class='ocrx_word' id='word_1_220' title='bbox 76 2632 236 2682; x_wconf 88' lang='lat' dir='ltr'><strong>planum</strong></span> <span class='ocrx_word' id='word_1_221' title='bbox 256 2644 323 2680; x_wconf 91' lang='lat' dir='ltr'><strong>per</strong></span> <span class='ocrx_word' id='word_1_222' title='bbox 341 2629 587 2667; x_wconf 83' lang='lat' dir='ltr'><strong>variationem</strong></span> <span class='ocrx_word' id='word_1_223' title='bbox 606 2628 744 2673; x_wconf 87' lang='lat' dir='ltr'><strong>minui,</strong></span> <span class='ocrx_word' id='word_1_224' title='bbox 773 2627 998 2677; x_wconf 90' lang='lat' dir='ltr'><strong>negativum</strong></span> <span class='ocrx_word' id='word_1_225' title='bbox 1025 2626 1115 2665; x_wconf 66' lang='lat' dir='ltr'><strong>ver&amp;</strong></span> 
     </span>
     <span class='ocr_line' id='line_1_36' title="bbox 77 2679 1117 2736; baseline -0.006 -12"><span class='ocrx_word' id='word_1_226' title='bbox 77 2686 234 2736; x_wconf 90' lang='lat' dir='ltr'><strong>signum</strong></span> <span class='ocrx_word' id='word_1_227' title='bbox 261 2697 352 2722; x_wconf 86' lang='lat' dir='ltr'><strong>eum</strong></span> <span class='ocrx_word' id='word_1_228' title='bbox 379 2681 570 2734; x_wconf 84' lang='lat' dir='ltr'><strong>angulum</strong></span> <span class='ocrx_word' id='word_1_229' title='bbox 596 2681 730 2731; x_wconf 88' lang='lat' dir='ltr'><strong>augeri</strong></span> <span class='ocrx_word' id='word_1_230' title='bbox 757 2679 961 2731; x_wconf 88' lang='lat' dir='ltr'><strong>significat,</strong></span> <span class='ocrx_word' id='word_1_231' title='bbox 991 2680 1045 2718; x_wconf 92' lang='lat' dir='ltr'><strong>ita</strong></span> <span class='ocrx_word' id='word_1_232' title='bbox 1071 2687 1117 2718; x_wconf 89' lang='lat' dir='ltr'><strong>ut</strong></span> 
     </span>
     <span class='ocr_line' id='line_1_37' title="bbox 75 2732 1115 2789; baseline -0.006 -13"><span class='ocrx_word' id='word_1_233' title='bbox 75 2738 245 2789; x_wconf 88' lang='lat' dir='ltr'><strong>angulus</strong></span> <span class='ocrx_word' id='word_1_234' title='bbox 263 2738 460 2774; x_wconf 88' lang='lat' dir='ltr'><strong>minuatur</strong></span> <span class='ocrx_word' id='word_1_235' title='bbox 478 2734 573 2773; x_wconf 90' lang='lat' dir='ltr'><strong>dum</strong></span> <span class='ocrx_word' id='word_1_236' title='bbox 592 2734 717 2771; x_wconf 90' lang='lat' dir='ltr'><strong>nodus</strong></span> <span class='ocrx_word' id='word_1_237' title='bbox 737 2734 778 2771; x_wconf 93' lang='lat' dir='ltr'>N</span> <span class='ocrx_word' id='word_1_238' title='bbox 797 2732 940 2771; x_wconf 84' lang='lat' dir='ltr'><strong>recedit</strong></span> <span class='ocrx_word' id='word_1_239' title='bbox 958 2746 1004 2770; x_wconf 86' lang='lat' dir='ltr'><strong>ex</strong></span> <span class='ocrx_word' id='word_1_240' title='bbox 1024 2745 1115 2771; x_wconf 90' lang='lat' dir='ltr'><strong>con-</strong></span> 
     </span>
     <span class='ocr_line' id='line_1_38' title="bbox 70 2786 1119 2843; baseline -0.004 -14"><span class='ocrx_word' id='word_1_241' title='bbox 70 2791 273 2843; x_wconf 90' lang='lat' dir='ltr'><strong>junctione</strong></span> <span class='ocrx_word' id='word_1_242' title='bbox 296 2791 333 2827; x_wconf 96' lang='lat' dir='ltr'><strong>A</strong></span> <span class='ocrx_word' id='word_1_243' title='bbox 352 2789 402 2826; x_wconf 88' lang='lat' dir='ltr'><strong>ad</strong></span> <span class='ocrx_word' id='word_1_244' title='bbox 419 2787 690 2839; x_wconf 85' lang='lat' dir='ltr'><strong>quadraturam</strong></span> <span class='ocrx_word' id='word_1_245' title='bbox 708 2786 886 2824; x_wconf 90' lang='lat' dir='ltr'><strong>ultimam</strong></span> <span class='ocrx_word' id='word_1_246' title='bbox 908 2787 962 2830; x_wconf 93' lang='lat' dir='ltr'>Q,</span> <span class='ocrx_word' id='word_1_247' title='bbox 985 2787 1119 2825; x_wconf 88' lang='lat' dir='ltr'><strong>crescit</strong></span> 
     </span>
     <span class='ocr_line' id='line_1_39' title="bbox 75 2838 1117 2891; baseline -0.008 -8"><span class='ocrx_word' id='word_1_248' title='bbox 75 2842 166 2883; x_wconf 66' lang='lat' dir='ltr'><strong>verb</strong></span> <span class='ocrx_word' id='word_1_249' title='bbox 177 2843 273 2882; x_wconf 87' lang='lat' dir='ltr'><strong>dum</strong></span> <span class='ocrx_word' id='word_1_250' title='bbox 285 2841 411 2880; x_wconf 90' lang='lat' dir='ltr'><strong>nodus</strong></span> <span class='ocrx_word' id='word_1_251' title='bbox 429 2855 451 2879; x_wconf 90' lang='lat' dir='ltr'><strong>a</strong></span> <span class='ocrx_word' id='word_1_252' title='bbox 469 2838 702 2891; x_wconf 70' lang='lat' dir='ltr'><strong>quadratura</strong></span> <span class='ocrx_word' id='word_1_253' title='bbox 720 2840 760 2884; x_wconf 92' lang='lat' dir='ltr'>Q</span> <span class='ocrx_word' id='word_1_254' title='bbox 778 2841 826 2877; x_wconf 88' lang='lat' dir='ltr'><strong>ab</strong></span> <span class='ocrx_word' id='word_1_255' title='bbox 837 2839 1117 2888; x_wconf 86' lang='lat' dir='ltr'><strong>oppositionem</strong></span> 
     </span>
     <span class='ocr_line' id='line_1_40' title="bbox 76 2892 1117 2942; baseline -0.006 -6"><span class='ocrx_word' id='word_1_256' title='bbox 76 2911 99 2936; x_wconf 86' lang='lat' dir='ltr'><strong>a</strong></span> <span class='ocrx_word' id='word_1_257' title='bbox 115 2904 304 2942; x_wconf 89' lang='lat' dir='ltr'><strong>movetur,</strong></span> <span class='ocrx_word' id='word_1_258' title='bbox 332 2896 474 2933; x_wconf 87' lang='lat' dir='ltr'><strong>iterum</strong></span> <span class='ocrx_word' id='word_1_259' title='bbox 492 2894 680 2931; x_wconf 87' lang='lat' dir='ltr'><strong>minuitur</strong></span> <span class='ocrx_word' id='word_1_260' title='bbox 697 2892 794 2931; x_wconf 90' lang='lat' dir='ltr'><strong>dum</strong></span> <span class='ocrx_word' id='word_1_261' title='bbox 811 2895 862 2932; x_wconf 88' lang='lat' dir='ltr'><strong>ab</strong></span> <span class='ocrx_word' id='word_1_262' title='bbox 880 2892 1117 2941; x_wconf 87' lang='lat' dir='ltr'><strong>oppositione</strong></span> 
     </span>
     <span class='ocr_line' id='line_1_41' title="bbox 77 2945 1117 2999; baseline -0.005 -11"><span class='ocrx_word' id='word_1_263' title='bbox 77 2950 127 2989; x_wconf 91' lang='lat' dir='ltr'><strong>ad</strong></span> <span class='ocrx_word' id='word_1_264' title='bbox 157 2950 321 2999; x_wconf 88' lang='lat' dir='ltr'><strong>primam</strong></span> <span class='ocrx_word' id='word_1_265' title='bbox 353 2947 624 2999; x_wconf 82' lang='lat' dir='ltr'><strong>quadraturam</strong></span> <span class='ocrx_word' id='word_1_266' title='bbox 656 2960 680 2997; x_wconf 92' lang='lat' dir='ltr'><strong>q</strong></span> <span class='ocrx_word' id='word_1_267' title='bbox 709 2946 842 2990; x_wconf 87' lang='lat' dir='ltr'><strong>tendit,</strong></span> <span class='ocrx_word' id='word_1_268' title='bbox 881 2954 919 2983; x_wconf 89' lang='lat' dir='ltr'><strong>et</strong></span> <span class='ocrx_word' id='word_1_269' title='bbox 950 2945 1117 2996; x_wconf 90' lang='lat' dir='ltr'><strong>denique</strong></span> 
     </span>
    </p>
   </div>
   <div class='ocr_carea' id='block_1_23' title="bbox 3 2998 1118 3055">
    <p class='ocr_par' dir='ltr' id='par_1_25' title="bbox 3 2998 1118 3055">
     <span class='ocr_line' id='line_1_42' title="bbox 3 2998 1118 3055; baseline -0.007 -12"><span class='ocrx_word' id='word_1_270' title='bbox 3 3015 16 3031; x_wconf 89' lang='lat'><strong>·</strong></span> <span class='ocrx_word' id='word_1_271' title='bbox 76 3012 241 3055; x_wconf 87' lang='lat' dir='ltr'><strong>augetur</strong></span> <span class='ocrx_word' id='word_1_272' title='bbox 259 3002 354 3040; x_wconf 91' lang='lat' dir='ltr'><strong>dum</strong></span> <span class='ocrx_word' id='word_1_273' title='bbox 381 3015 405 3039; x_wconf 92' lang='lat' dir='ltr'><strong>a</strong></span> <span class='ocrx_word' id='word_1_274' title='bbox 430 2999 663 3051; x_wconf 69' lang='lat' dir='ltr'><strong>quadratura</strong></span> <span class='ocrx_word' id='word_1_275' title='bbox 688 3012 713 3049; x_wconf 93' lang='lat' dir='ltr'><strong>q</strong></span> <span class='ocrx_word' id='word_1_276' title='bbox 737 2999 786 3037; x_wconf 90' lang='lat' dir='ltr'><strong>ad</strong></span> <span class='ocrx_word' id='word_1_277' title='bbox 805 2998 1118 3049; x_wconf 90' lang='lat' dir='ltr'><strong>conjunctionem</strong></span> 
     </span>
    </p>
   </div>
   <div class='ocr_carea' id='block_1_24' title="bbox 75 3052 1121 3950">
    <p class='ocr_par' dir='ltr' id='par_1_26' title="bbox 75 3052 1118 3372">
     <span class='ocr_line' id='line_1_43' title="bbox 80 3052 1118 3103; baseline -0.005 -8"><span class='ocrx_word' id='word_1_278' title='bbox 80 3058 119 3095; x_wconf 95' lang='lat' dir='ltr'><strong>A</strong></span> <span class='ocrx_word' id='word_1_279' title='bbox 139 3056 256 3102; x_wconf 81' lang='lat' dir='ltr'><strong>redit3</strong></span> <span class='ocrx_word' id='word_1_280' title='bbox 277 3055 331 3093; x_wconf 88' lang='lat' dir='ltr'><strong>ita</strong></span> <span class='ocrx_word' id='word_1_281' title='bbox 348 3062 393 3093; x_wconf 92' lang='lat' dir='ltr'><strong>ut</strong></span> <span class='ocrx_word' id='word_1_282' title='bbox 410 3052 669 3091; x_wconf 84' lang='lat' dir='ltr'><strong>inclinationis</strong></span> <span class='ocrx_word' id='word_1_283' title='bbox 682 3052 848 3103; x_wconf 87' lang='lat' dir='ltr'><strong>angulus</strong></span> <span class='ocrx_word' id='word_1_284' title='bbox 866 3052 914 3090; x_wconf 89' lang='lat' dir='ltr'><strong>sit</strong></span> <span class='ocrx_word' id='word_1_285' title='bbox 931 3052 1118 3090; x_wconf 90' lang='lat' dir='ltr'><strong>minimus</strong></span> 
     </span>
     <span class='ocr_line' id='line_1_44' title="bbox 76 3106 1116 3158; baseline -0.01 -10"><span class='ocrx_word' id='word_1_286' title='bbox 76 3109 168 3149; x_wconf 73' lang='lat' dir='ltr'><strong>cum</strong></span> <span class='ocrx_word' id='word_1_287' title='bbox 181 3109 273 3147; x_wconf 91' lang='lat' dir='ltr'><strong>nodi</strong></span> <span class='ocrx_word' id='word_1_288' title='bbox 291 3110 331 3145; x_wconf 92' lang='lat' dir='ltr'><strong>in</strong></span> <span class='ocrx_word' id='word_1_289' title='bbox 350 3106 593 3158; x_wconf 84' lang='lat' dir='ltr'><strong>quadraturis</strong></span> <span class='ocrx_word' id='word_1_290' title='bbox 608 3107 650 3151; x_wconf 89' lang='lat' dir='ltr'>Q</span> <span class='ocrx_word' id='word_1_291' title='bbox 665 3114 703 3143; x_wconf 89' lang='lat' dir='ltr'><strong>et</strong></span> <span class='ocrx_word' id='word_1_292' title='bbox 719 3119 746 3157; x_wconf 87' lang='lat' dir='ltr'><strong>q</strong></span> <span class='ocrx_word' id='word_1_293' title='bbox 763 3113 973 3151; x_wconf 86' lang='lat' dir='ltr'><strong>versantur,</strong></span> <span class='ocrx_word' id='word_1_294' title='bbox 993 3106 1116 3143; x_wconf 85' lang='lat' dir='ltr'><strong>maxi-</strong></span> 
     </span>
     <span class='ocr_line' id='line_1_45' title="bbox 76 3159 1118 3211; baseline -0.006 -10"><span class='ocrx_word' id='word_1_295' title='bbox 76 3175 166 3201; x_wconf 89' lang='lat' dir='ltr'><strong>mus</strong></span> <span class='ocrx_word' id='word_1_296' title='bbox 182 3161 273 3200; x_wconf 75' lang='lat' dir='ltr'><strong>vero</strong></span> <span class='ocrx_word' id='word_1_297' title='bbox 287 3160 379 3199; x_wconf 66' lang='lat' dir='ltr'><strong>cnm</strong></span> <span class='ocrx_word' id='word_1_298' title='bbox 397 3159 488 3198; x_wconf 88' lang='lat' dir='ltr'><strong>nodi</strong></span> <span class='ocrx_word' id='word_1_299' title='bbox 503 3167 595 3197; x_wconf 91' lang='lat' dir='ltr'><strong>sunt</strong></span> <span class='ocrx_word' id='word_1_300' title='bbox 612 3160 653 3196; x_wconf 92' lang='lat' dir='ltr'><strong>in</strong></span> <span class='ocrx_word' id='word_1_301' title='bbox 671 3159 836 3209; x_wconf 86' lang='lat' dir='ltr'><strong>syzygiis</strong></span> <span class='ocrx_word' id='word_1_302' title='bbox 854 3159 890 3196; x_wconf 91' lang='lat' dir='ltr'><strong>A</strong></span> <span class='ocrx_word' id='word_1_303' title='bbox 907 3165 946 3195; x_wconf 90' lang='lat' dir='ltr'><strong>et</strong></span> <span class='ocrx_word' id='word_1_304' title='bbox 964 3171 1010 3206; x_wconf 89' lang='lat' dir='ltr'><strong>a;</strong></span> <span class='ocrx_word' id='word_1_305' title='bbox 1029 3170 1118 3211; x_wconf 89' lang='lat' dir='ltr'><strong>quae</strong></span> 
     </span>
     <span class='ocr_line' id='line_1_46' title="bbox 76 3209 1117 3260; baseline -0.004 -7"><span class='ocrx_word' id='word_1_306' title='bbox 76 3216 141 3253; x_wconf 85' lang='lat' dir='ltr'><strong>lex</strong></span> <span class='ocrx_word' id='word_1_307' title='bbox 159 3217 207 3253; x_wconf 89' lang='lat' dir='ltr'><strong>ab</strong></span> <span class='ocrx_word' id='word_1_308' title='bbox 225 3214 451 3252; x_wconf 85' lang='lat' dir='ltr'><strong>astronomis</strong></span> <span class='ocrx_word' id='word_1_309' title='bbox 469 3220 525 3251; x_wconf 89' lang='lat' dir='ltr'><strong>est</strong></span> <span class='ocrx_word' id='word_1_310' title='bbox 543 3214 751 3258; x_wconf 85' lang='lat' dir='ltr'><strong>observata,</strong></span> <span class='ocrx_word' id='word_1_311' title='bbox 782 3211 849 3249; x_wconf 89' lang='lat' dir='ltr'><strong>sed</strong></span> <span class='ocrx_word' id='word_1_312' title='bbox 867 3209 985 3260; x_wconf 74' lang='lat' dir='ltr'><strong>paulo</strong></span> <span class='ocrx_word' id='word_1_313' title='bbox 1004 3224 1117 3250; x_wconf 89' lang='lat' dir='ltr'><strong>accu-</strong></span> 
     </span>
     <span class='ocr_line' id='line_1_47' title="bbox 75 3262 1116 3316; baseline -0.003 -10"><span class='ocrx_word' id='word_1_314' title='bbox 75 3268 195 3307; x_wconf 86' lang='lat' dir='ltr'><strong>ratius</strong></span> <span class='ocrx_word' id='word_1_315' title='bbox 213 3266 494 3306; x_wconf 78' lang='lat' dir='ltr'><strong>ostendendum</strong></span> <span class='ocrx_word' id='word_1_316' title='bbox 520 3266 562 3303; x_wconf 92' lang='lat' dir='ltr'><strong>id</strong></span> <span class='ocrx_word' id='word_1_317' title='bbox 588 3265 695 3316; x_wconf 91' lang='lat' dir='ltr'><strong>sequi</strong></span> <span class='ocrx_word' id='word_1_318' title='bbox 712 3263 843 3304; x_wconf 69' lang='lat' dir='ltr'><strong>revera</strong></span> <span class='ocrx_word' id='word_1_319' title='bbox 860 3277 906 3302; x_wconf 86' lang='lat' dir='ltr'><strong>ex</strong></span> <span class='ocrx_word' id='word_1_320' title='bbox 925 3262 998 3302; x_wconf 64' lang='lat' dir='ltr'><strong>heic</strong></span> <span class='ocrx_word' id='word_1_321' title='bbox 1020 3265 1116 3303; x_wconf 85' lang='lat' dir='ltr'><strong>Pro·</strong></span> 
     </span>
     <span class='ocr_line' id='line_1_48' title="bbox 76 3321 277 3372; baseline -0.01 -12"><span class='ocrx_word' id='word_1_322' title='bbox 76 3321 277 3372; x_wconf 87' lang='lat' dir='ltr'><strong>positione.</strong></span> 
     </span>
    </p>

    <p class='ocr_par' dir='ltr' id='par_1_27' title="bbox 75 3370 1121 3950">
     <span class='ocr_line' id='line_1_49' title="bbox 132 3370 1118 3421; baseline -0.003 -9"><span class='ocrx_word' id='word_1_323' title='bbox 132 3375 191 3412; x_wconf 89' lang='lat' dir='ltr'><strong>Sit</strong></span> <span class='ocrx_word' id='word_1_324' title='bbox 207 3373 334 3411; x_wconf 85' lang='lat' dir='ltr'><strong>nodus</strong></span> <span class='ocrx_word' id='word_1_325' title='bbox 352 3372 393 3410; x_wconf 93' lang='lat' dir='ltr'>N</span> <span class='ocrx_word' id='word_1_326' title='bbox 412 3371 536 3410; x_wconf 90' lang='lat' dir='ltr'><strong>ubivis</strong></span> <span class='ocrx_word' id='word_1_327' title='bbox 553 3372 652 3409; x_wconf 87' lang='lat' dir='ltr'><strong>inter</strong></span> <span class='ocrx_word' id='word_1_328' title='bbox 670 3370 982 3421; x_wconf 88' lang='lat' dir='ltr'><strong>conjunctionem</strong></span> <span class='ocrx_word' id='word_1_329' title='bbox 1014 3370 1049 3409; x_wconf 92' lang='lat' dir='ltr'><strong>A</strong></span> <span class='ocrx_word' id='word_1_330' title='bbox 1079 3377 1118 3409; x_wconf 89' lang='lat' dir='ltr'><strong>et</strong></span> 
     </span>
     <span class='ocr_line' id='line_1_50' title="bbox 76 3423 1117 3476; baseline -0.005 -11"><span class='ocrx_word' id='word_1_331' title='bbox 76 3427 255 3465; x_wconf 87' lang='lat' dir='ltr'><strong>ultimam</strong></span> <span class='ocrx_word' id='word_1_332' title='bbox 273 3425 545 3476; x_wconf 88' lang='lat' dir='ltr'><strong>quadraturam</strong></span> <span class='ocrx_word' id='word_1_333' title='bbox 568 3426 621 3471; x_wconf 89' lang='lat' dir='ltr'>Q,</span> <span class='ocrx_word' id='word_1_334' title='bbox 640 3423 833 3474; x_wconf 73' lang='lat' dir='ltr'><strong>ductaque</strong></span> <span class='ocrx_word' id='word_1_335' title='bbox 866 3424 897 3462; x_wconf 93' lang='lat' dir='ltr'>F</span> <span class='ocrx_word' id='word_1_336' title='bbox 927 3424 964 3461; x_wconf 94' lang='lat' dir='ltr'>T</span> <span class='ocrx_word' id='word_1_337' title='bbox 990 3423 1013 3460; x_wconf 86' lang='lat' dir='ltr'>f</span> <span class='ocrx_word' id='word_1_338' title='bbox 1033 3430 1117 3471; x_wconf 85' lang='lat' dir='ltr'><strong>per-</strong></span> 
     </span>
     <span class='ocr_line' id='line_1_51' title="bbox 76 3477 1117 3529; baseline -0.005 -11"><span class='ocrx_word' id='word_1_339' title='bbox 76 3478 315 3529; x_wconf 85' lang='lat' dir='ltr'><strong>pendiculari</strong></span> <span class='ocrx_word' id='word_1_340' title='bbox 332 3478 374 3516; x_wconf 91' lang='lat' dir='ltr'><strong>in</strong></span> <span class='ocrx_word' id='word_1_341' title='bbox 391 3478 533 3515; x_wconf 87' lang='lat' dir='ltr'><strong>lineam</strong></span> <span class='ocrx_word' id='word_1_342' title='bbox 552 3477 755 3523; x_wconf 89' lang='lat' dir='ltr'><strong>nodorum,</strong></span> <span class='ocrx_word' id='word_1_343' title='bbox 782 3477 877 3514; x_wconf 90' lang='lat' dir='ltr'><strong>dum</strong></span> <span class='ocrx_word' id='word_1_344' title='bbox 900 3477 1016 3514; x_wconf 89' lang='lat' dir='ltr'><strong>Luna</strong></span> <span class='ocrx_word' id='word_1_345' title='bbox 1033 3488 1117 3514; x_wconf 89' lang='lat' dir='ltr'><strong>mo-</strong></span> 
     </span>
     <span class='ocr_line' id='line_1_52' title="bbox 77 3529 1119 3579; baseline -0.008 -9"><span class='ocrx_word' id='word_1_346' title='bbox 77 3534 228 3572; x_wconf 81' lang='lat' dir='ltr'><strong>vebitur</strong></span> <span class='ocrx_word' id='word_1_347' title='bbox 246 3545 294 3569; x_wconf 84' lang='lat' dir='ltr'><strong>ex</strong></span> <span class='ocrx_word' id='word_1_348' title='bbox 315 3532 357 3569; x_wconf 92' lang='lat' dir='ltr'>N</span> <span class='ocrx_word' id='word_1_349' title='bbox 375 3530 424 3568; x_wconf 89' lang='lat' dir='ltr'><strong>ad</strong></span> <span class='ocrx_word' id='word_1_350' title='bbox 446 3530 479 3569; x_wconf 92' lang='lat' dir='ltr'><strong>F</strong></span> <span class='ocrx_word' id='word_1_351' title='bbox 497 3530 754 3569; x_wconf 84' lang='lat' dir='ltr'><strong>inclinationis</strong></span> <span class='ocrx_word' id='word_1_352' title='bbox 772 3530 929 3568; x_wconf 86' lang='lat' dir='ltr'><strong>variatio</strong></span> <span class='ocrx_word' id='word_1_353' title='bbox 943 3529 1119 3579; x_wconf 86' lang='lat' dir='ltr'><strong>designa-</strong></span> 
     </span>
     <span class='ocr_line' id='line_1_53' title="bbox 75 3581 1121 3635; baseline -0.007 -9"><span class='ocrx_word' id='word_1_354' title='bbox 75 3587 181 3626; x_wconf 85' lang='lat' dir='ltr'><strong>bitur</strong></span> <span class='ocrx_word' id='word_1_355' title='bbox 207 3598 275 3635; x_wconf 90' lang='lat' dir='ltr'><strong>per</strong></span> <span class='ocrx_word' id='word_1_356' title='bbox 300 3596 429 3622; x_wconf 89' lang='lat' dir='ltr'><strong>aream</strong></span> <span class='ocrx_word' id='word_1_357' title='bbox 462 3583 502 3621; x_wconf 93' lang='lat' dir='ltr'>N</span> <span class='ocrx_word' id='word_1_358' title='bbox 535 3584 572 3622; x_wconf 88' lang='lat' dir='ltr'><strong>A</strong></span> <span class='ocrx_word' id='word_1_359' title='bbox 609 3583 642 3621; x_wconf 90' lang='lat' dir='ltr'><strong>F</strong></span> <span class='ocrx_word' id='word_1_360' title='bbox 676 3584 711 3621; x_wconf 89' lang='lat' dir='ltr'>T</span> <span class='ocrx_word' id='word_1_361' title='bbox 738 3585 775 3628; x_wconf 84' lang='lat' dir='ltr'><strong>h,</strong></span> <span class='ocrx_word' id='word_1_362' title='bbox 806 3581 974 3633; x_wconf 72' lang='lat' dir='ltr'><strong>cumque</strong></span> <span class='ocrx_word' id='word_1_363' title='bbox 1005 3583 1121 3620; x_wconf 86' lang='lat' dir='ltr'><strong>Luna</strong></span> 
     </span>
     <span class='ocr_line' id='line_1_54' title="bbox 77 3634 1119 3685; baseline -0.009 -8"><span class='ocrx_word' id='word_1_364' title='bbox 77 3646 165 3677; x_wconf 84' lang='lat' dir='ltr'><strong>tum</strong></span> <span class='ocrx_word' id='word_1_365' title='bbox 178 3645 347 3676; x_wconf 87' lang='lat' dir='ltr'><strong>versetur</strong></span> <span class='ocrx_word' id='word_1_366' title='bbox 365 3638 466 3675; x_wconf 88' lang='lat' dir='ltr'><strong>inter</strong></span> <span class='ocrx_word' id='word_1_367' title='bbox 481 3635 627 3675; x_wconf 89' lang='lat' dir='ltr'><strong>nodum</strong></span> <span class='ocrx_word' id='word_1_368' title='bbox 645 3644 683 3674; x_wconf 91' lang='lat' dir='ltr'><strong>et</strong></span> <span class='ocrx_word' id='word_1_369' title='bbox 701 3636 945 3674; x_wconf 83' lang='lat' dir='ltr'><strong>remotiorem</strong></span> <span class='ocrx_word' id='word_1_370' title='bbox 958 3634 1119 3685; x_wconf 89' lang='lat' dir='ltr'><strong>quadra.</strong></span> 
     </span>
     <span class='ocr_line' id='line_1_55' title="bbox 77 3686 1119 3740; baseline -0.004 -11"><span class='ocrx_word' id='word_1_371' title='bbox 77 3699 217 3736; x_wconf 84' lang='lat' dir='ltr'><strong>turam,</strong></span> <span class='ocrx_word' id='word_1_372' title='bbox 238 3698 367 3729; x_wconf 84' lang='lat' dir='ltr'><strong>motus</strong></span> <span class='ocrx_word' id='word_1_373' title='bbox 381 3689 473 3729; x_wconf 92' lang='lat' dir='ltr'><strong>nodi</strong></span> <span class='ocrx_word' id='word_1_374' title='bbox 491 3689 563 3727; x_wconf 89' lang='lat' dir='ltr'><strong>erit</strong></span> <span class='ocrx_word' id='word_1_375' title='bbox 580 3689 822 3740; x_wconf 86' lang='lat' dir='ltr'><strong>regressivus,</strong></span> <span class='ocrx_word' id='word_1_376' title='bbox 844 3686 1009 3738; x_wconf 77' lang='lat' dir='ltr'><strong>ideoque</strong></span> <span class='ocrx_word' id='word_1_377' title='bbox 1027 3686 1119 3726; x_wconf 73' lang='lat' dir='ltr'><strong>cum</strong></span> 
     </span>
     <span class='ocr_line' id='line_1_56' title="bbox 78 3740 1119 3791; baseline -0.005 -10"><span class='ocrx_word' id='word_1_378' title='bbox 78 3744 181 3783; x_wconf 88' lang='lat' dir='ltr'><strong>linea</strong></span> <span class='ocrx_word' id='word_1_379' title='bbox 211 3746 247 3783; x_wconf 95' lang='lat' dir='ltr'>Y</span> <span class='ocrx_word' id='word_1_380' title='bbox 277 3745 313 3782; x_wconf 90' lang='lat' dir='ltr'>T</span> <span class='ocrx_word' id='word_1_381' title='bbox 339 3744 406 3782; x_wconf 87' lang='lat' dir='ltr'><strong>fiat</strong></span> <span class='ocrx_word' id='word_1_382' title='bbox 431 3755 581 3791; x_wconf 89' lang='lat' dir='ltr'><strong>semper</strong></span> <span class='ocrx_word' id='word_1_383' title='bbox 598 3742 780 3780; x_wconf 88' lang='lat' dir='ltr'><strong>remotior</strong></span> <span class='ocrx_word' id='word_1_384' title='bbox 806 3755 829 3778; x_wconf 90' lang='lat' dir='ltr'><strong>a</strong></span> <span class='ocrx_word' id='word_1_385' title='bbox 858 3740 976 3780; x_wconf 69' lang='lat' dir='ltr'><strong>Luna</strong></span> <span class='ocrx_word' id='word_1_386' title='bbox 1001 3740 1119 3791; x_wconf 73' lang='lat' dir='ltr'><strong>quarn</strong></span> 
     </span>
     <span class='ocr_line' id='line_1_57' title="bbox 79 3794 1120 3849; baseline -0.006 -13"><span class='ocrx_word' id='word_1_387' title='bbox 79 3797 182 3847; x_wconf 66' lang='lat' dir='ltr'><strong>linea</strong></span> <span class='ocrx_word' id='word_1_388' title='bbox 209 3798 246 3835; x_wconf 93' lang='lat' dir='ltr'>N</span> <span class='ocrx_word' id='word_1_389' title='bbox 271 3797 309 3835; x_wconf 94' lang='lat' dir='ltr'>T</span> <span class='ocrx_word' id='word_1_390' title='bbox 338 3799 546 3849; x_wconf 86' lang='lat' dir='ltr'><strong>(punctum</strong></span> <span class='ocrx_word' id='word_1_391' title='bbox 567 3796 604 3833; x_wconf 91' lang='lat' dir='ltr'><strong>Y</strong></span> <span class='ocrx_word' id='word_1_392' title='bbox 622 3794 727 3844; x_wconf 91' lang='lat' dir='ltr'><strong>quod</strong></span> <span class='ocrx_word' id='word_1_393' title='bbox 744 3795 806 3832; x_wconf 89' lang='lat' dir='ltr'><strong>hic</strong></span> <span class='ocrx_word' id='word_1_394' title='bbox 825 3803 1021 3833; x_wconf 85' lang='lat' dir='ltr'><strong>exaratum</strong></span> <span class='ocrx_word' id='word_1_395' title='bbox 1042 3806 1120 3831; x_wconf 91' lang='lat' dir='ltr'><strong>non</strong></span> 
     </span>
     <span class='ocr_line' id='line_1_58' title="bbox 82 3846 1118 3901; baseline -0.008 -13"><span class='ocrx_word' id='word_1_396' title='bbox 82 3858 139 3888; x_wconf 86' lang='lat' dir='ltr'><strong>est</strong></span> <span class='ocrx_word' id='word_1_397' title='bbox 164 3850 338 3901; x_wconf 89' lang='lat' dir='ltr'><strong>designat</strong></span> <span class='ocrx_word' id='word_1_398' title='bbox 354 3862 500 3888; x_wconf 89' lang='lat' dir='ltr'><strong>novum</strong></span> <span class='ocrx_word' id='word_1_399' title='bbox 528 3849 658 3886; x_wconf 79' lang='lat' dir='ltr'><strong>locum</strong></span> <span class='ocrx_word' id='word_1_400' title='bbox 686 3848 727 3885; x_wconf 91' lang='lat' dir='ltr'><strong>in</strong></span> <span class='ocrx_word' id='word_1_401' title='bbox 755 3860 869 3898; x_wconf 90' lang='lat' dir='ltr'><strong>quem</strong></span> <span class='ocrx_word' id='word_1_402' title='bbox 899 3846 1025 3885; x_wconf 87' lang='lat' dir='ltr'><strong>nodus</strong></span> <span class='ocrx_word' id='word_1_403' title='bbox 1052 3847 1118 3883; x_wconf 89' lang='lat' dir='ltr'><strong>ad.</strong></span> 
     </span>
     <span class='ocr_line' id='line_1_59' title="bbox 82 3900 1121 3950; baseline -0.004 -10"><span class='ocrx_word' id='word_1_404' title='bbox 82 3902 267 3941; x_wconf 69' lang='lat' dir='ltr'><strong>scendens</strong></span> <span class='ocrx_word' id='word_1_405' title='bbox 305 3904 431 3942; x_wconf 79' lang='lat' dir='ltr'><strong>Lunae</strong></span> <span class='ocrx_word' id='word_1_406' title='bbox 467 3901 662 3950; x_wconf 89' lang='lat' dir='ltr'><strong>movetur)</strong></span> <span class='ocrx_word' id='word_1_407' title='bbox 696 3900 954 3938; x_wconf 87' lang='lat' dir='ltr'><strong>inclinationis</strong></span> <span class='ocrx_word' id='word_1_408' title='bbox 993 3900 1121 3938; x_wconf 86' lang='lat' dir='ltr'><strong>Lunae</strong></span> 
     </span>
    </p>
   </div>
   <div class='ocr_carea' id='block_1_25' title="bbox 137 3971 1158 4014">
    <p class='ocr_par' dir='ltr' id='par_1_28' title="bbox 137 3971 1158 4014">
     <span class='ocr_line' id='line_1_60' title="bbox 137 3971 1158 4014; baseline -0.005 -3"><span class='ocrx_word' id='word_1_409' title='bbox 137 3972 238 4011; x_wconf 75' lang='lat' dir='ltr'><strong>Vot..</strong></span> <span class='ocrx_word' id='word_1_410' title='bbox 263 3973 351 4014; x_wconf 88' lang='grc' dir='ltr'><strong>ΙΙΙ.</strong></span> <span class='ocrx_word' id='word_1_411' title='bbox 378 3973 488 4011; x_wconf 50' lang='lat' dir='ltr'><strong>Pras</strong></span> <span class='ocrx_word' id='word_1_412' title='bbox 508 3971 571 4010; x_wconf 91' lang='grc' dir='ltr'><strong>ΙΙ.</strong></span> <span class='ocrx_word' id='word_1_413' title='bbox 1122 3971 1158 4010; x_wconf 88' lang='lat' dir='ltr'>E</span> 
     </span>
    </p>
   </div>
   <div class='ocr_carea' id='block_1_26' title="bbox 292 775 2216 872">
    <p class='ocr_par' dir='ltr' id='par_1_29' title="bbox 292 775 2216 872">
     <span class='ocr_line' id='line_1_61' title="bbox 292 775 2216 872; baseline -0.002 -14"><span class='ocrx_word' id='word_1_414' title='bbox 292 775 2112 872; x_wconf 62' lang='lat' dir='ltr'><strong>QadPGx4AT‚idest(cf1mPpsitadPGut</strong></span> <span class='ocrx_word' id='word_1_415' title='bbox 2149 803 2216 855; x_wconf 73' lang='lat' dir='ltr'><strong>si-</strong></span> 
     </span>
    </p>
   </div>
   <div class='ocr_carea' id='block_1_27' title="bbox 1276 928 1621 984">
    <p class='ocr_par' dir='ltr' id='par_1_30' title="bbox 1276 928 1621 984">
     <span class='ocr_line' id='line_1_62' title="bbox 1276 928 1621 984; baseline 0 -4"><span class='ocrx_word' id='word_1_416' title='bbox 1276 928 1621 984; x_wconf 75' lang='lat' dir='ltr'><strong>AZxTZ</strong></span> 
     </span>
    </p>
   </div>
   <div class='ocr_carea' id='block_1_28' title="bbox 1200 970 1375 1081">
    <p class='ocr_par' dir='ltr' id='par_1_31' title="bbox 1200 970 1375 1081">
     <span class='ocr_line' id='line_1_63' title="bbox 1200 970 1373 1046; baseline -0.006 -33"><span class='ocrx_word' id='word_1_417' title='bbox 1200 970 1252 1013; x_wconf 92' lang='lat' dir='ltr'><strong>et</strong></span> <span class='ocrx_word' id='word_1_418' title='bbox 1275 1002 1373 1046; x_wconf 68' lang='lat' dir='ltr'><strong>-l</strong></span> 
     </span>
     <span class='ocr_line' id='line_1_64' title="bbox 1352 1054 1375 1081; baseline 0 0"><span class='ocrx_word' id='word_1_419' title='bbox 1352 1054 1375 1081; x_wconf 74' lang='lat'>2</span> 
     </span>
    </p>
   </div>
   <div class='ocr_carea' id='block_1_29' title="bbox 1652 961 2218 1030">
    <p class='ocr_par' dir='ltr' id='par_1_32' title="bbox 1652 961 2218 1030">
     <span class='ocr_line' id='line_1_65' title="bbox 1652 961 2218 1030; baseline 0.004 -18"><span class='ocrx_word' id='word_1_420' title='bbox 1652 961 1718 1012; x_wconf 75' lang='lat' dir='ltr'><strong>sit</strong></span> <span class='ocrx_word' id='word_1_421' title='bbox 1743 962 1810 1013; x_wconf 76' lang='lat' dir='ltr'><strong>ad</strong></span> <span class='ocrx_word' id='word_1_422' title='bbox 1835 969 1867 1013; x_wconf 79' lang='lat'><em>4</em></span> <span class='ocrx_word' id='word_1_423' title='bbox 1896 962 1945 1013; x_wconf 91' lang='lat' dir='ltr'><strong>A</strong></span> <span class='ocrx_word' id='word_1_424' title='bbox 1974 962 2027 1014; x_wconf 89' lang='lat' dir='ltr'>T</span> <span class='ocrx_word' id='word_1_425' title='bbox 2064 963 2121 1030; x_wconf 57' lang='grc' dir='ltr'><strong>(ε)</strong></span> <span class='ocrx_word' id='word_1_426' title='bbox 2159 972 2218 1014; x_wconf 79' lang='lat' dir='ltr'><strong>ut</strong></span> 
     </span>
    </p>
   </div>
   <div class='ocr_carea' id='block_1_30' title="bbox 1356 1004 1491 1011">
    <p class='ocr_par' dir='ltr' id='par_1_33' title="bbox 1356 1004 1491 1011">
     <span class='ocr_line' id='line_1_66' title="bbox 1356 1004 1491 1011; baseline 0 0"><span class='ocrx_word' id='word_1_427' title='bbox 1356 1004 1491 1011; x_wconf 95' lang='lat' dir='ltr'><strong> </strong></span> 
     </span>
    </p>
   </div>
   <div class='ocr_carea' id='block_1_31' title="bbox 1496 1004 1621 1013">
    <p class='ocr_par' dir='ltr' id='par_1_34' title="bbox 1496 1004 1621 1013">
     <span class='ocr_line' id='line_1_67' title="bbox 1496 1004 1621 1013; baseline 0 -2"><span class='ocrx_word' id='word_1_428' title='bbox 1496 1004 1621 1013; x_wconf 77' lang='lat'><strong>-—-—.</strong></span> 
     </span>
    </p>
   </div>
   <div class='ocr_carea' id='block_1_32' title="bbox 1166 1137 2221 3157">
    <p class='ocr_par' dir='ltr' id='par_1_35' title="bbox 1166 1137 2219 1348">
     <span class='ocr_line' id='line_1_68' title="bbox 1169 1137 2219 1189; baseline -0.001 -13"><span class='ocrx_word' id='word_1_429' title='bbox 1169 1137 1338 1189; x_wconf 87' lang='lat' dir='ltr'><strong>angulus</strong></span> <span class='ocrx_word' id='word_1_430' title='bbox 1358 1137 1407 1175; x_wconf 89' lang='lat' dir='ltr'><strong>ad</strong></span> <span class='ocrx_word' id='word_1_431' title='bbox 1426 1137 1570 1175; x_wconf 90' lang='lat' dir='ltr'><strong>lineam</strong></span> <span class='ocrx_word' id='word_1_432' title='bbox 1591 1137 1628 1175; x_wconf 95' lang='lat' dir='ltr'>T</span> <span class='ocrx_word' id='word_1_433' title='bbox 1648 1138 1685 1176; x_wconf 94' lang='lat' dir='ltr'>Y</span> <span class='ocrx_word' id='word_1_434' title='bbox 1703 1137 1847 1175; x_wconf 82' lang='lat' dir='ltr'><strong>rel-atus</strong></span> <span class='ocrx_word' id='word_1_435' title='bbox 1864 1137 1992 1175; x_wconf 89' lang='lat' dir='ltr'><strong>minor</strong></span> <span class='ocrx_word' id='word_1_436' title='bbox 2009 1137 2080 1176; x_wconf 85' lang='lat' dir='ltr'><strong>erit</strong></span> <span class='ocrx_word' id='word_1_437' title='bbox 2097 1137 2219 1188; x_wconf 73' lang='lat' dir='ltr'><strong>quarn</strong></span> 
     </span>
     <span class='ocr_line' id='line_1_69' title="bbox 1169 1190 2218 1241; baseline 0 -12"><span class='ocrx_word' id='word_1_438' title='bbox 1169 1192 1201 1229; x_wconf 89' lang='lat' dir='ltr'><strong>si</strong></span> <span class='ocrx_word' id='word_1_439' title='bbox 1219 1191 1269 1229; x_wconf 91' lang='lat' dir='ltr'><strong>ad</strong></span> <span class='ocrx_word' id='word_1_440' title='bbox 1291 1192 1327 1229; x_wconf 93' lang='lat' dir='ltr'>T</span> <span class='ocrx_word' id='word_1_441' title='bbox 1346 1192 1388 1229; x_wconf 94' lang='lat' dir='ltr'>N</span> <span class='ocrx_word' id='word_1_442' title='bbox 1407 1191 1623 1237; x_wconf 86' lang='lat' dir='ltr'><strong>referretur,</strong></span> <span class='ocrx_word' id='word_1_443' title='bbox 1643 1203 1732 1229; x_wconf 86' lang='lat' dir='ltr'><strong>area</strong></span> <span class='ocrx_word' id='word_1_444' title='bbox 1750 1202 1843 1241; x_wconf 88' lang='lat' dir='ltr'><strong>ergo</strong></span> <span class='ocrx_word' id='word_1_445' title='bbox 1863 1190 1905 1228; x_wconf 91' lang='lat' dir='ltr'>N</span> <span class='ocrx_word' id='word_1_446' title='bbox 1927 1192 1964 1227; x_wconf 92' lang='lat' dir='ltr'><strong>A</strong></span> <span class='ocrx_word' id='word_1_447' title='bbox 1990 1191 2022 1228; x_wconf 88' lang='lat' dir='ltr'>F</span> <span class='ocrx_word' id='word_1_448' title='bbox 2045 1192 2081 1229; x_wconf 96' lang='lat' dir='ltr'>T</span> <span class='ocrx_word' id='word_1_449' title='bbox 2098 1193 2125 1228; x_wconf 95' lang='lat' dir='ltr'><strong>h</strong></span> <span class='ocrx_word' id='word_1_450' title='bbox 2149 1193 2218 1229; x_wconf 90' lang='lat' dir='ltr'><strong>de-</strong></span> 
     </span>
     <span class='ocr_line' id='line_1_70' title="bbox 1169 1243 2218 1295; baseline 0 -13"><span class='ocrx_word' id='word_1_451' title='bbox 1169 1244 1337 1295; x_wconf 88' lang='lat' dir='ltr'><strong>signabit</strong></span> <span class='ocrx_word' id='word_1_452' title='bbox 1372 1244 1687 1282; x_wconf 88' lang='lat' dir='ltr'><strong>imminutionem</strong></span> <span class='ocrx_word' id='word_1_453' title='bbox 1730 1243 1869 1294; x_wconf 89' lang='lat' dir='ltr'><strong>anguli</strong></span> <span class='ocrx_word' id='word_1_454' title='bbox 1906 1243 2078 1282; x_wconf 88' lang='lat' dir='ltr'><strong>inclinat.</strong></span> <span class='ocrx_word' id='word_1_455' title='bbox 2121 1245 2218 1282; x_wconf 91' lang='lat' dir='ltr'><strong>dum</strong></span> 
     </span>
     <span class='ocr_line' id='line_1_71' title="bbox 1166 1297 1692 1348; baseline -0.002 -12"><span class='ocrx_word' id='word_1_456' title='bbox 1166 1297 1293 1348; x_wconf 87' lang='lat' dir='ltr'><strong>pergit</strong></span> <span class='ocrx_word' id='word_1_457' title='bbox 1312 1298 1429 1335; x_wconf 90' lang='lat' dir='ltr'><strong>Luna</strong></span> <span class='ocrx_word' id='word_1_458' title='bbox 1447 1299 1494 1335; x_wconf 91' lang='lat' dir='ltr'><strong>ab</strong></span> <span class='ocrx_word' id='word_1_459' title='bbox 1515 1298 1556 1335; x_wconf 93' lang='lat' dir='ltr'>N</span> <span class='ocrx_word' id='word_1_460' title='bbox 1575 1297 1625 1335; x_wconf 92' lang='lat' dir='ltr'><strong>ad</strong></span> <span class='ocrx_word' id='word_1_461' title='bbox 1647 1297 1692 1335; x_wconf 89' lang='lat' dir='ltr'><strong>F.</strong></span> 
     </span>
    </p>

    <p class='ocr_par' dir='ltr' id='par_1_36' title="bbox 1169 1350 2221 1826">
     <span class='ocr_line' id='line_1_72' title="bbox 1225 1350 2218 1401; baseline -0.002 -12"><span class='ocrx_word' id='word_1_462' title='bbox 1225 1352 1336 1389; x_wconf 91' lang='lat' dir='ltr'><strong>Dum</strong></span> <span class='ocrx_word' id='word_1_463' title='bbox 1353 1351 1471 1389; x_wconf 88' lang='lat' dir='ltr'><strong>Luna</strong></span> <span class='ocrx_word' id='word_1_464' title='bbox 1488 1358 1666 1389; x_wconf 89' lang='lat' dir='ltr'><strong>movetur</strong></span> <span class='ocrx_word' id='word_1_465' title='bbox 1684 1352 1732 1388; x_wconf 91' lang='lat' dir='ltr'><strong>ab</strong></span> <span class='ocrx_word' id='word_1_466' title='bbox 1754 1350 1788 1388; x_wconf 92' lang='lat' dir='ltr'><strong>F</strong></span> <span class='ocrx_word' id='word_1_467' title='bbox 1806 1350 1854 1388; x_wconf 91' lang='lat' dir='ltr'><strong>ad</strong></span> <span class='ocrx_word' id='word_1_468' title='bbox 1872 1363 1897 1400; x_wconf 91' lang='lat' dir='ltr'><strong>q</strong></span> <span class='ocrx_word' id='word_1_469' title='bbox 1915 1350 2042 1401; x_wconf 88' lang='lat' dir='ltr'><strong>pergit</strong></span> <span class='ocrx_word' id='word_1_470' title='bbox 2059 1350 2218 1400; x_wconf 89' lang='lat' dir='ltr'><strong>quidem</strong></span> 
     </span>
     <span class='ocr_line' id='line_1_73' title="bbox 1169 1402 2219 1453; baseline 0 -11"><span class='ocrx_word' id='word_1_471' title='bbox 1169 1411 1215 1442; x_wconf 88' lang='lat' dir='ltr'><strong>ut</strong></span> <span class='ocrx_word' id='word_1_472' title='bbox 1244 1404 1351 1453; x_wconf 91' lang='lat' dir='ltr'><strong>prius</strong></span> <span class='ocrx_word' id='word_1_473' title='bbox 1379 1403 1506 1441; x_wconf 87' lang='lat' dir='ltr'><strong>nodus</strong></span> <span class='ocrx_word' id='word_1_474' title='bbox 1533 1403 1575 1440; x_wconf 92' lang='lat' dir='ltr'><strong>in</strong></span> <span class='ocrx_word' id='word_1_475' title='bbox 1606 1403 1884 1449; x_wconf 85' lang='lat' dir='ltr'><strong>antecedentia,</strong></span> <span class='ocrx_word' id='word_1_476' title='bbox 1924 1404 1992 1440; x_wconf 89' lang='lat' dir='ltr'><strong>sed</strong></span> <span class='ocrx_word' id='word_1_477' title='bbox 2028 1402 2219 1451; x_wconf 63' lang='lat' dir='ltr'><strong>producta</strong></span> 
     </span>
     <span class='ocr_line' id='line_1_74' title="bbox 1169 1456 2219 1507; baseline -0.002 -12"><span class='ocrx_word' id='word_1_478' title='bbox 1169 1457 1273 1495; x_wconf 72' lang='lat' dir='ltr'><strong>linea</strong></span> <span class='ocrx_word' id='word_1_479' title='bbox 1294 1458 1331 1495; x_wconf 92' lang='lat' dir='ltr'>Y</span> <span class='ocrx_word' id='word_1_480' title='bbox 1352 1457 1400 1502; x_wconf 87' lang='lat' dir='ltr'><strong>T,</strong></span> <span class='ocrx_word' id='word_1_481' title='bbox 1430 1457 1513 1507; x_wconf 88' lang='lat' dir='ltr'><strong>ejus</strong></span> <span class='ocrx_word' id='word_1_482' title='bbox 1530 1457 1733 1505; x_wconf 90' lang='lat' dir='ltr'><strong>productio</strong></span> <span class='ocrx_word' id='word_1_483' title='bbox 1752 1457 1823 1494; x_wconf 87' lang='lat' dir='ltr'><strong>erit</strong></span> <span class='ocrx_word' id='word_1_484' title='bbox 1841 1456 2001 1494; x_wconf 91' lang='lat' dir='ltr'><strong>vicinior</strong></span> <span class='ocrx_word' id='word_1_485' title='bbox 2021 1457 2149 1494; x_wconf 89' lang='lat' dir='ltr'><strong>Lunae</strong></span> <span class='ocrx_word' id='word_1_486' title='bbox 2176 1457 2219 1493; x_wconf 90' lang='lat' dir='ltr'><strong>in</strong></span> 
     </span>
     <span class='ocr_line' id='line_1_75' title="bbox 1171 1509 2216 1562; baseline -0.001 -14"><span class='ocrx_word' id='word_1_487' title='bbox 1171 1523 1258 1548; x_wconf 89' lang='lat' dir='ltr'><strong>area</strong></span> <span class='ocrx_word' id='word_1_488' title='bbox 1290 1511 1324 1548; x_wconf 92' lang='lat' dir='ltr'><strong>F</strong></span> <span class='ocrx_word' id='word_1_489' title='bbox 1355 1523 1381 1562; x_wconf 91' lang='lat' dir='ltr'><strong>q</strong></span> <span class='ocrx_word' id='word_1_490' title='bbox 1409 1511 1585 1548; x_wconf 83' lang='lat' dir='ltr'><strong>existenti</strong></span> <span class='ocrx_word' id='word_1_491' title='bbox 1604 1509 1721 1560; x_wconf 76' lang='lat' dir='ltr'><strong>quam</strong></span> <span class='ocrx_word' id='word_1_492' title='bbox 1740 1509 1943 1559; x_wconf 89' lang='lat' dir='ltr'><strong>productio</strong></span> <span class='ocrx_word' id='word_1_493' title='bbox 1962 1509 2075 1547; x_wconf 88' lang='lat' dir='ltr'><strong>lineae</strong></span> <span class='ocrx_word' id='word_1_494' title='bbox 2105 1511 2148 1547; x_wconf 94' lang='lat' dir='ltr'>N</span> <span class='ocrx_word' id='word_1_495' title='bbox 2169 1511 2216 1558; x_wconf 87' lang='lat' dir='ltr'><strong>T,</strong></span> 
     </span>
     <span class='ocr_line' id='line_1_76' title="bbox 1170 1561 2220 1614; baseline 0 -13"><span class='ocrx_word' id='word_1_496' title='bbox 1170 1561 1337 1614; x_wconf 77' lang='lat' dir='ltr'><strong>ideoque</strong></span> <span class='ocrx_word' id='word_1_497' title='bbox 1354 1563 1615 1613; x_wconf 81' lang='lat' dir='ltr'><strong>inclinationis</strong></span> <span class='ocrx_word' id='word_1_498' title='bbox 1636 1563 1763 1601; x_wconf 88' lang='lat' dir='ltr'><strong>Lunae</strong></span> <span class='ocrx_word' id='word_1_499' title='bbox 1795 1563 1966 1613; x_wconf 86' lang='lat' dir='ltr'><strong>angulus</strong></span> <span class='ocrx_word' id='word_1_500' title='bbox 1984 1563 2032 1601; x_wconf 87' lang='lat' dir='ltr'><strong>ad</strong></span> <span class='ocrx_word' id='word_1_501' title='bbox 2052 1563 2220 1612; x_wconf 86' lang='lat' dir='ltr'><strong>produc-</strong></span> 
     </span>
     <span class='ocr_line' id='line_1_77' title="bbox 1171 1615 2220 1667; baseline -0.001 -13"><span class='ocrx_word' id='word_1_502' title='bbox 1171 1617 1319 1654; x_wconf 83' lang='lat' dir='ltr'><strong>tionem</strong></span> <span class='ocrx_word' id='word_1_503' title='bbox 1338 1616 1451 1654; x_wconf 85' lang='lat' dir='ltr'><strong>lineae</strong></span> <span class='ocrx_word' id='word_1_504' title='bbox 1473 1617 1510 1654; x_wconf 93' lang='lat' dir='ltr'>T</span> <span class='ocrx_word' id='word_1_505' title='bbox 1533 1617 1570 1654; x_wconf 96' lang='lat' dir='ltr'>Y</span> <span class='ocrx_word' id='word_1_506' title='bbox 1587 1616 1732 1654; x_wconf 86' lang='lat' dir='ltr'><strong>relatus</strong></span> <span class='ocrx_word' id='word_1_507' title='bbox 1749 1617 1873 1667; x_wconf 87' lang='lat' dir='ltr'><strong>major</strong></span> <span class='ocrx_word' id='word_1_508' title='bbox 1891 1616 1963 1653; x_wconf 90' lang='lat' dir='ltr'><strong>erit</strong></span> <span class='ocrx_word' id='word_1_509' title='bbox 1981 1615 2097 1666; x_wconf 74' lang='lat' dir='ltr'><strong>quam</strong></span> <span class='ocrx_word' id='word_1_510' title='bbox 2118 1617 2149 1653; x_wconf 92' lang='lat' dir='ltr'><strong>si</strong></span> <span class='ocrx_word' id='word_1_511' title='bbox 2169 1617 2220 1653; x_wconf 91' lang='lat' dir='ltr'><strong>ad</strong></span> 
     </span>
     <span class='ocr_line' id='line_1_78' title="bbox 1171 1669 2220 1720; baseline 0 -13"><span class='ocrx_word' id='word_1_512' title='bbox 1171 1670 1314 1708; x_wconf 87' lang='lat' dir='ltr'><strong>lineam</strong></span> <span class='ocrx_word' id='word_1_513' title='bbox 1332 1670 1368 1707; x_wconf 95' lang='lat' dir='ltr'>T</span> <span class='ocrx_word' id='word_1_514' title='bbox 1383 1683 1409 1707; x_wconf 92' lang='lat' dir='ltr'><strong>n</strong></span> <span class='ocrx_word' id='word_1_515' title='bbox 1424 1670 1639 1716; x_wconf 67' lang='lat' dir='ltr'><strong>refeiretur,</strong></span> <span class='ocrx_word' id='word_1_516' title='bbox 1654 1669 1719 1707; x_wconf 91' lang='lat' dir='ltr'><strong>sed</strong></span> <span class='ocrx_word' id='word_1_517' title='bbox 1731 1671 1805 1706; x_wconf 91' lang='lat' dir='ltr'><strong>hoc</strong></span> <span class='ocrx_word' id='word_1_518' title='bbox 1823 1669 1865 1705; x_wconf 91' lang='lat' dir='ltr'><strong>in</strong></span> <span class='ocrx_word' id='word_1_519' title='bbox 1883 1682 1975 1707; x_wconf 87' lang='lat' dir='ltr'><strong>casu</strong></span> <span class='ocrx_word' id='word_1_520' title='bbox 1987 1683 2074 1707; x_wconf 87' lang='lat' dir='ltr'><strong>area</strong></span> <span class='ocrx_word' id='word_1_521' title='bbox 2092 1670 2125 1707; x_wconf 88' lang='lat' dir='ltr'><strong>F</strong></span> <span class='ocrx_word' id='word_1_522' title='bbox 2143 1670 2181 1707; x_wconf 90' lang='lat' dir='ltr'><strong>R</strong></span> <span class='ocrx_word' id='word_1_523' title='bbox 2194 1683 2220 1720; x_wconf 95' lang='lat' dir='ltr'><strong>q</strong></span> 
     </span>
     <span class='ocr_line' id='line_1_79' title="bbox 1173 1722 2221 1774; baseline 0 -14"><span class='ocrx_word' id='word_1_524' title='bbox 1173 1723 1349 1774; x_wconf 90' lang='lat' dir='ltr'><strong>designat</strong></span> <span class='ocrx_word' id='word_1_525' title='bbox 1384 1723 1642 1760; x_wconf 81' lang='lat' dir='ltr'><strong>inclinationis</strong></span> <span class='ocrx_word' id='word_1_526' title='bbox 1688 1722 1948 1766; x_wconf 86' lang='lat' dir='ltr'><strong>variationem,</strong></span> <span class='ocrx_word' id='word_1_527' title='bbox 1997 1735 2089 1773; x_wconf 89' lang='lat' dir='ltr'><strong>ergo</strong></span> <span class='ocrx_word' id='word_1_528' title='bbox 2131 1736 2221 1760; x_wconf 87' lang='lat' dir='ltr'><strong>area</strong></span> 
     </span>
     <span class='ocr_line' id='line_1_80' title="bbox 1177 1775 2215 1826; baseline 0 -12"><span class='ocrx_word' id='word_1_529' title='bbox 1177 1776 1211 1814; x_wconf 96' lang='lat' dir='ltr'><strong>F</strong></span> <span class='ocrx_word' id='word_1_530' title='bbox 1225 1779 1261 1814; x_wconf 93' lang='lat' dir='ltr'><strong>A</strong></span> <span class='ocrx_word' id='word_1_531' title='bbox 1276 1789 1300 1826; x_wconf 89' lang='lat' dir='ltr'><strong>q</strong></span> <span class='ocrx_word' id='word_1_532' title='bbox 1312 1776 1489 1826; x_wconf 86' lang='lat' dir='ltr'><strong>designat</strong></span> <span class='ocrx_word' id='word_1_533' title='bbox 1499 1776 1781 1813; x_wconf 90' lang='lat' dir='ltr'><strong>incrementum</strong></span> <span class='ocrx_word' id='word_1_534' title='bbox 1796 1775 1931 1825; x_wconf 89' lang='lat' dir='ltr'><strong>anguli</strong></span> <span class='ocrx_word' id='word_1_535' title='bbox 1943 1775 2215 1814; x_wconf 84' lang='lat' dir='ltr'><strong>inclinationis.</strong></span> 
     </span>
    </p>

    <p class='ocr_par' dir='ltr' id='par_1_37' title="bbox 1168 1828 2220 2252">
     <span class='ocr_line' id='line_1_81' title="bbox 1225 1828 2220 1875; baseline 0 -8"><span class='ocrx_word' id='word_1_536' title='bbox 1225 1830 1336 1867; x_wconf 91' lang='lat' dir='ltr'><strong>Dum</strong></span> <span class='ocrx_word' id='word_1_537' title='bbox 1355 1830 1472 1866; x_wconf 90' lang='lat' dir='ltr'><strong>Luna</strong></span> <span class='ocrx_word' id='word_1_538' title='bbox 1490 1831 1537 1867; x_wconf 86' lang='lat' dir='ltr'><strong>ab</strong></span> <span class='ocrx_word' id='word_1_539' title='bbox 1556 1842 1583 1865; x_wconf 89' lang='lat' dir='ltr'><strong>n</strong></span> <span class='ocrx_word' id='word_1_540' title='bbox 1602 1828 1651 1867; x_wconf 91' lang='lat' dir='ltr'><strong>ad</strong></span> <span class='ocrx_word' id='word_1_541' title='bbox 1670 1828 1692 1865; x_wconf 92' lang='lat' dir='ltr'><strong>f</strong></span> <span class='ocrx_word' id='word_1_542' title='bbox 1704 1835 1893 1875; x_wconf 87' lang='lat' dir='ltr'><strong>movetur,</strong></span> <span class='ocrx_word' id='word_1_543' title='bbox 1914 1837 2044 1866; x_wconf 90' lang='lat' dir='ltr'><strong>motus</strong></span> <span class='ocrx_word' id='word_1_544' title='bbox 2063 1829 2156 1866; x_wconf 90' lang='lat' dir='ltr'><strong>nodi</strong></span> <span class='ocrx_word' id='word_1_545' title='bbox 2176 1830 2220 1867; x_wconf 90' lang='lat' dir='ltr'><strong>fit</strong></span> 
     </span>
     <span class='ocr_line' id='line_1_82' title="bbox 1168 1881 2219 1933; baseline 0 -13"><span class='ocrx_word' id='word_1_546' title='bbox 1168 1885 1401 1933; x_wconf 85' lang='lat' dir='ltr'><strong>regressivus</strong></span> <span class='ocrx_word' id='word_1_547' title='bbox 1426 1889 1465 1919; x_wconf 88' lang='lat' dir='ltr'><strong>et</strong></span> <span class='ocrx_word' id='word_1_548' title='bbox 1491 1895 1537 1919; x_wconf 88' lang='lat' dir='ltr'><strong>ex</strong></span> <span class='ocrx_word' id='word_1_549' title='bbox 1562 1882 1600 1919; x_wconf 92' lang='lat' dir='ltr'>N</span> <span class='ocrx_word' id='word_1_550' title='bbox 1620 1882 1661 1918; x_wconf 93' lang='lat' dir='ltr'><strong>in</strong></span> <span class='ocrx_word' id='word_1_551' title='bbox 1683 1883 1720 1920; x_wconf 96' lang='lat' dir='ltr'>Y</span> <span class='ocrx_word' id='word_1_552' title='bbox 1739 1881 1890 1932; x_wconf 85' lang='lat' dir='ltr'><strong>migrat,</strong></span> <span class='ocrx_word' id='word_1_553' title='bbox 1922 1889 1960 1920; x_wconf 86' lang='lat' dir='ltr'><strong>et</strong></span> <span class='ocrx_word' id='word_1_554' title='bbox 1987 1882 2101 1920; x_wconf 89' lang='lat' dir='ltr'><strong>lineae</strong></span> <span class='ocrx_word' id='word_1_555' title='bbox 2123 1883 2160 1920; x_wconf 91' lang='lat' dir='ltr'>Y</span> <span class='ocrx_word' id='word_1_556' title='bbox 2183 1884 2219 1920; x_wconf 91' lang='lat' dir='ltr'>T</span> 
     </span>
     <span class='ocr_line' id='line_1_83' title="bbox 1169 1933 2217 1986; baseline 0 -14"><span class='ocrx_word' id='word_1_557' title='bbox 1169 1935 1370 1986; x_wconf 89' lang='lat' dir='ltr'><strong>productio</strong></span> <span class='ocrx_word' id='word_1_558' title='bbox 1388 1935 1570 1973; x_wconf 90' lang='lat' dir='ltr'><strong>remotior</strong></span> <span class='ocrx_word' id='word_1_559' title='bbox 1589 1943 1645 1972; x_wconf 87' lang='lat' dir='ltr'><strong>est</strong></span> <span class='ocrx_word' id='word_1_560' title='bbox 1672 1948 1695 1972; x_wconf 87' lang='lat' dir='ltr'><strong>a</strong></span> <span class='ocrx_word' id='word_1_561' title='bbox 1724 1933 1844 1973; x_wconf 67' lang='lat' dir='ltr'><strong>Luna</strong></span> <span class='ocrx_word' id='word_1_562' title='bbox 1861 1935 1900 1971; x_wconf 92' lang='lat' dir='ltr'><strong>in</strong></span> <span class='ocrx_word' id='word_1_563' title='bbox 1921 1934 2009 1973; x_wconf 69' lang='lat' dir='ltr'><strong>area</strong></span> <span class='ocrx_word' id='word_1_564' title='bbox 2037 1948 2062 1972; x_wconf 93' lang='lat' dir='ltr'><strong>n</strong></span> <span class='ocrx_word' id='word_1_565' title='bbox 2091 1936 2114 1972; x_wconf 88' lang='lat' dir='ltr'>f</span> <span class='ocrx_word' id='word_1_566' title='bbox 2135 1949 2217 1973; x_wconf 91' lang='lat' dir='ltr'><strong>ver-</strong></span> 
     </span>
     <span class='ocr_line' id='line_1_84' title="bbox 1168 1987 2220 2039; baseline 0.001 -13"><span class='ocrx_word' id='word_1_567' title='bbox 1168 1998 1276 2027; x_wconf 84' lang='lat' dir='ltr'><strong>sante</strong></span> <span class='ocrx_word' id='word_1_568' title='bbox 1294 1987 1411 2039; x_wconf 77' lang='lat' dir='ltr'><strong>quam</strong></span> <span class='ocrx_word' id='word_1_569' title='bbox 1431 1989 1631 2037; x_wconf 87' lang='lat' dir='ltr'><strong>productio</strong></span> <span class='ocrx_word' id='word_1_570' title='bbox 1650 1989 1763 2026; x_wconf 89' lang='lat' dir='ltr'><strong>lineae</strong></span> <span class='ocrx_word' id='word_1_571' title='bbox 1793 1989 1835 2027; x_wconf 93' lang='lat' dir='ltr'>N</span> <span class='ocrx_word' id='word_1_572' title='bbox 1865 1989 1911 2034; x_wconf 90' lang='lat' dir='ltr'><strong>T,</strong></span> <span class='ocrx_word' id='word_1_573' title='bbox 1941 1988 2030 2027; x_wconf 91' lang='lat' dir='ltr'><strong>ideo</strong></span> <span class='ocrx_word' id='word_1_574' title='bbox 2049 1989 2220 2039; x_wconf 89' lang='lat' dir='ltr'><strong>angulus</strong></span> 
     </span>
     <span class='ocr_line' id='line_1_85' title="bbox 1168 2041 2220 2092; baseline 0.002 -14"><span class='ocrx_word' id='word_1_575' title='bbox 1168 2042 1428 2079; x_wconf 88' lang='lat' dir='ltr'><strong>inclinationis</strong></span> <span class='ocrx_word' id='word_1_576' title='bbox 1453 2043 1580 2079; x_wconf 90' lang='lat' dir='ltr'><strong>minor</strong></span> <span class='ocrx_word' id='word_1_577' title='bbox 1599 2042 1669 2079; x_wconf 90' lang='lat' dir='ltr'><strong>erit</strong></span> <span class='ocrx_word' id='word_1_578' title='bbox 1687 2041 1806 2092; x_wconf 75' lang='lat' dir='ltr'><strong>quam</strong></span> <span class='ocrx_word' id='word_1_579' title='bbox 1834 2042 1866 2079; x_wconf 91' lang='lat' dir='ltr'><strong>si</strong></span> <span class='ocrx_word' id='word_1_580' title='bbox 1894 2041 1941 2079; x_wconf 86' lang='lat' dir='ltr'><strong>ad</strong></span> <span class='ocrx_word' id='word_1_581' title='bbox 1970 2042 2114 2080; x_wconf 88' lang='lat' dir='ltr'><strong>lineam</strong></span> <span class='ocrx_word' id='word_1_582' title='bbox 2136 2043 2173 2081; x_wconf 95' lang='lat' dir='ltr'>T</span> <span class='ocrx_word' id='word_1_583' title='bbox 2191 2056 2220 2080; x_wconf 92' lang='lat' dir='ltr'><strong>n</strong></span> 
     </span>
     <span class='ocr_line' id='line_1_86' title="bbox 1168 2094 2220 2146; baseline 0.001 -15"><span class='ocrx_word' id='word_1_584' title='bbox 1168 2095 1396 2142; x_wconf 81' lang='lat' dir='ltr'><strong>referretur3</strong></span> <span class='ocrx_word' id='word_1_585' title='bbox 1418 2109 1463 2132; x_wconf 87' lang='lat' dir='ltr'><strong>ca</strong></span> <span class='ocrx_word' id='word_1_586' title='bbox 1481 2094 1571 2132; x_wconf 78' lang='lat' dir='ltr'><strong>vero</strong></span> <span class='ocrx_word' id='word_1_587' title='bbox 1585 2095 1803 2133; x_wconf 79' lang='lat' dir='ltr'><strong>variationis</strong></span> <span class='ocrx_word' id='word_1_588' title='bbox 1818 2095 1982 2133; x_wconf 87' lang='lat' dir='ltr'><strong>mutatio</strong></span> <span class='ocrx_word' id='word_1_589' title='bbox 1996 2096 2220 2146; x_wconf 88' lang='lat' dir='ltr'><strong>designatur</strong></span> 
     </span>
     <span class='ocr_line' id='line_1_87' title="bbox 1169 2148 2218 2198; baseline 0.003 -13"><span class='ocrx_word' id='word_1_590' title='bbox 1169 2161 1237 2197; x_wconf 92' lang='lat' dir='ltr'><strong>per</strong></span> <span class='ocrx_word' id='word_1_591' title='bbox 1256 2161 1383 2185; x_wconf 89' lang='lat' dir='ltr'><strong>aream</strong></span> <span class='ocrx_word' id='word_1_592' title='bbox 1405 2149 1450 2185; x_wconf 96' lang='lat' dir='ltr'>H</span> <span class='ocrx_word' id='word_1_593' title='bbox 1470 2161 1496 2185; x_wconf 92' lang='lat' dir='ltr'><strong>n</strong></span> <span class='ocrx_word' id='word_1_594' title='bbox 1515 2162 1535 2185; x_wconf 90' lang='lat' dir='ltr'><strong>a</strong></span> <span class='ocrx_word' id='word_1_595' title='bbox 1556 2149 1578 2184; x_wconf 84' lang='lat' dir='ltr'>f</span> <span class='ocrx_word' id='word_1_596' title='bbox 1600 2161 1688 2198; x_wconf 86' lang='lat' dir='ltr'><strong>quae</strong></span> <span class='ocrx_word' id='word_1_597' title='bbox 1706 2148 1794 2185; x_wconf 82' lang='lat' dir='ltr'><strong>idco</strong></span> <span class='ocrx_word' id='word_1_598' title='bbox 1812 2148 2126 2187; x_wconf 88' lang='lat' dir='ltr'><strong>imminutionem</strong></span> <span class='ocrx_word' id='word_1_599' title='bbox 2148 2163 2218 2188; x_wconf 90' lang='lat' dir='ltr'><strong>an·-</strong></span> 
     </span>
     <span class='ocr_line' id='line_1_88' title="bbox 1169 2201 1738 2252; baseline 0.002 -14"><span class='ocrx_word' id='word_1_600' title='bbox 1169 2202 1255 2252; x_wconf 89' lang='lat' dir='ltr'><strong>guli</strong></span> <span class='ocrx_word' id='word_1_601' title='bbox 1274 2201 1533 2239; x_wconf 89' lang='lat' dir='ltr'><strong>inclinationis</strong></span> <span class='ocrx_word' id='word_1_602' title='bbox 1551 2201 1738 2251; x_wconf 87' lang='lat' dir='ltr'><strong>designat.</strong></span> 
     </span>
    </p>

    <p class='ocr_par' dir='ltr' id='par_1_38' title="bbox 1168 2254 2220 2623">
     <span class='ocr_line' id='line_1_89' title="bbox 1224 2254 2219 2304; baseline 0.002 -13"><span class='ocrx_word' id='word_1_603' title='bbox 1224 2256 1288 2293; x_wconf 93' lang='lat' dir='ltr'><strong>Ab</strong></span> <span class='ocrx_word' id='word_1_604' title='bbox 1319 2254 1343 2293; x_wconf 83' lang='lat' dir='ltr'>f</span> <span class='ocrx_word' id='word_1_605' title='bbox 1367 2254 1416 2292; x_wconf 90' lang='lat' dir='ltr'><strong>ad</strong></span> <span class='ocrx_word' id='word_1_606' title='bbox 1448 2256 1487 2299; x_wconf 92' lang='lat' dir='ltr'>Q</span> <span class='ocrx_word' id='word_1_607' title='bbox 1513 2254 1646 2292; x_wconf 81' lang='lat' dir='ltr'><strong>crescit</strong></span> <span class='ocrx_word' id='word_1_608' title='bbox 1675 2255 1832 2304; x_wconf 89' lang='lat' dir='ltr'><strong>quidem</strong></span> <span class='ocrx_word' id='word_1_609' title='bbox 1862 2255 2122 2293; x_wconf 84' lang='lat' dir='ltr'><strong>inclinationis</strong></span> <span class='ocrx_word' id='word_1_610' title='bbox 2149 2269 2219 2293; x_wconf 88' lang='lat' dir='ltr'><strong>an-</strong></span> 
     </span>
     <span class='ocr_line' id='line_1_90' title="bbox 1168 2307 2220 2358; baseline 0.003 -13"><span class='ocrx_word' id='word_1_611' title='bbox 1168 2307 1297 2358; x_wconf 84' lang='lat' dir='ltr'><strong>guluS,</strong></span> <span class='ocrx_word' id='word_1_612' title='bbox 1336 2308 1427 2358; x_wconf 86' lang='lat' dir='ltr'><strong>quia</strong></span> <span class='ocrx_word' id='word_1_613' title='bbox 1462 2308 1627 2345; x_wconf 87' lang='lat' dir='ltr'><strong>refertur</strong></span> <span class='ocrx_word' id='word_1_614' title='bbox 1663 2308 1711 2345; x_wconf 91' lang='lat' dir='ltr'><strong>ad</strong></span> <span class='ocrx_word' id='word_1_615' title='bbox 1749 2308 1893 2346; x_wconf 87' lang='lat' dir='ltr'><strong>lineam</strong></span> <span class='ocrx_word' id='word_1_616' title='bbox 1929 2310 1965 2347; x_wconf 94' lang='lat' dir='ltr'>T</span> <span class='ocrx_word' id='word_1_617' title='bbox 1999 2310 2062 2355; x_wconf 90' lang='lat' dir='ltr'><strong>Y;</strong></span> <span class='ocrx_word' id='word_1_618' title='bbox 2090 2316 2220 2347; x_wconf 88' lang='lat' dir='ltr'><strong>totum</strong></span> 
     </span>
     <span class='ocr_line' id='line_1_91' title="bbox 1169 2360 2220 2413; baseline 0.002 -15"><span class='ocrx_word' id='word_1_619' title='bbox 1169 2362 1300 2411; x_wconf 85' lang='lat' dir='ltr'><strong>itaque</strong></span> <span class='ocrx_word' id='word_1_620' title='bbox 1318 2361 1417 2399; x_wconf 89' lang='lat' dir='ltr'><strong>illud</strong></span> <span class='ocrx_word' id='word_1_621' title='bbox 1444 2360 1664 2399; x_wconf 89' lang='lat' dir='ltr'><strong>variationis</strong></span> <span class='ocrx_word' id='word_1_622' title='bbox 1682 2361 1967 2399; x_wconf 86' lang='lat' dir='ltr'><strong>incrementum</strong></span> <span class='ocrx_word' id='word_1_623' title='bbox 1996 2362 2220 2413; x_wconf 87' lang='lat' dir='ltr'><strong>designatur</strong></span> 
     </span>
     <span class='ocr_line' id='line_1_92' title="bbox 1170 2414 2219 2463; baseline 0.002 -12"><span class='ocrx_word' id='word_1_624' title='bbox 1170 2427 1238 2463; x_wconf 88' lang='lat' dir='ltr'><strong>per</strong></span> <span class='ocrx_word' id='word_1_625' title='bbox 1257 2426 1382 2451; x_wconf 88' lang='lat' dir='ltr'><strong>aream</strong></span> <span class='ocrx_word' id='word_1_626' title='bbox 1409 2415 1450 2459; x_wconf 89' lang='grc' dir='ltr'>Ω</span> <span class='ocrx_word' id='word_1_627' title='bbox 1466 2414 1488 2451; x_wconf 88' lang='lat' dir='ltr'><strong>f</strong></span> <span class='ocrx_word' id='word_1_628' title='bbox 1502 2427 1531 2461; x_wconf 86' lang='lat' dir='ltr'><strong>r,</strong></span> <span class='ocrx_word' id='word_1_629' title='bbox 1553 2414 1618 2451; x_wconf 87' lang='lat' dir='ltr'><strong>sed</strong></span> <span class='ocrx_word' id='word_1_630' title='bbox 1638 2428 1662 2452; x_wconf 91' lang='lat' dir='ltr'><strong>a</strong></span> <span class='ocrx_word' id='word_1_631' title='bbox 1685 2415 1725 2459; x_wconf 91' lang='grc' dir='ltr'>Ω</span> <span class='ocrx_word' id='word_1_632' title='bbox 1742 2415 1791 2453; x_wconf 88' lang='lat' dir='ltr'><strong>ad</strong></span> <span class='ocrx_word' id='word_1_633' title='bbox 1810 2428 1849 2461; x_wconf 93' lang='lat' dir='ltr'><strong>n,</strong></span> <span class='ocrx_word' id='word_1_634' title='bbox 1870 2415 1961 2452; x_wconf 74' lang='lat' dir='ltr'><strong>cum</strong></span> <span class='ocrx_word' id='word_1_635' title='bbox 1977 2424 2108 2453; x_wconf 89' lang='lat' dir='ltr'><strong>motus</strong></span> <span class='ocrx_word' id='word_1_636' title='bbox 2127 2417 2219 2453; x_wconf 89' lang='lat' dir='ltr'><strong>nodi</strong></span> 
     </span>
     <span class='ocr_line' id='line_1_93' title="bbox 1171 2468 2217 2519; baseline 0.001 -15"><span class='ocrx_word' id='word_1_637' title='bbox 1171 2468 1241 2505; x_wconf 87' lang='lat' dir='ltr'><strong>fiat</strong></span> <span class='ocrx_word' id='word_1_638' title='bbox 1267 2468 1540 2517; x_wconf 88' lang='lat' dir='ltr'><strong>progressivus,</strong></span> <span class='ocrx_word' id='word_1_639' title='bbox 1570 2468 1835 2519; x_wconf 85' lang='lat' dir='ltr'><strong>referaturque</strong></span> <span class='ocrx_word' id='word_1_640' title='bbox 1861 2469 2122 2506; x_wconf 88' lang='lat' dir='ltr'><strong>inclinationis</strong></span> <span class='ocrx_word' id='word_1_641' title='bbox 2149 2482 2217 2506; x_wconf 89' lang='lat' dir='ltr'><strong>an-</strong></span> 
     </span>
     <span class='ocr_line' id='line_1_94' title="bbox 1170 2520 2217 2572; baseline 0.002 -15"><span class='ocrx_word' id='word_1_642' title='bbox 1170 2520 1289 2571; x_wconf 82' lang='lat' dir='ltr'><strong>gulus</strong></span> <span class='ocrx_word' id='word_1_643' title='bbox 1307 2521 1357 2558; x_wconf 90' lang='lat' dir='ltr'><strong>ad</strong></span> <span class='ocrx_word' id='word_1_644' title='bbox 1386 2522 1422 2559; x_wconf 93' lang='lat' dir='ltr'>T</span> <span class='ocrx_word' id='word_1_645' title='bbox 1449 2521 1476 2567; x_wconf 93' lang='lat' dir='ltr'><strong>l,</strong></span> <span class='ocrx_word' id='word_1_646' title='bbox 1506 2520 1696 2560; x_wconf 90' lang='lat' dir='ltr'><strong>minuitur</strong></span> <span class='ocrx_word' id='word_1_647' title='bbox 1714 2521 1746 2558; x_wconf 89' lang='lat' dir='ltr'><strong>is</strong></span> <span class='ocrx_word' id='word_1_648' title='bbox 1765 2522 1944 2571; x_wconf 80' lang='lat' dir='ltr'><strong>angulus,</strong></span> <span class='ocrx_word' id='word_1_649' title='bbox 1972 2530 2126 2572; x_wconf 85' lang='lat' dir='ltr'><strong>totaque</strong></span> <span class='ocrx_word' id='word_1_650' title='bbox 2145 2522 2217 2559; x_wconf 88' lang='lat' dir='ltr'><strong>im-</strong></span> 
     </span>
     <span class='ocr_line' id='line_1_95' title="bbox 1168 2573 2028 2623; baseline 0.001 -13"><span class='ocrx_word' id='word_1_651' title='bbox 1168 2573 1335 2611; x_wconf 88' lang='lat' dir='ltr'><strong>minutio</strong></span> <span class='ocrx_word' id='word_1_652' title='bbox 1354 2573 1576 2623; x_wconf 87' lang='lat' dir='ltr'><strong>designatur</strong></span> <span class='ocrx_word' id='word_1_653' title='bbox 1596 2587 1662 2623; x_wconf 91' lang='lat' dir='ltr'><strong>per</strong></span> <span class='ocrx_word' id='word_1_654' title='bbox 1680 2587 1807 2612; x_wconf 90' lang='lat' dir='ltr'><strong>aream</strong></span> <span class='ocrx_word' id='word_1_655' title='bbox 1831 2576 1869 2612; x_wconf 94' lang='lat' dir='ltr'>N</span> <span class='ocrx_word' id='word_1_656' title='bbox 1890 2577 1914 2611; x_wconf 90' lang='lat' dir='ltr'>h</span> <span class='ocrx_word' id='word_1_657' title='bbox 1934 2588 1953 2612; x_wconf 87' lang='lat' dir='ltr'><strong>r</strong></span> <span class='ocrx_word' id='word_1_658' title='bbox 1976 2577 2028 2619; x_wconf 89' lang='lat' dir='ltr'><strong>Q.</strong></span> 
     </span>
    </p>

    <p class='ocr_par' dir='ltr' id='par_1_39' title="bbox 1169 2627 2220 2889">
     <span class='ocr_line' id='line_1_96' title="bbox 1226 2627 2218 2675; baseline -0.001 -11"><span class='ocrx_word' id='word_1_659' title='bbox 1226 2627 1492 2664; x_wconf 76' lang='lat' dir='ltr'><strong>Resumantur</strong></span> <span class='ocrx_word' id='word_1_660' title='bbox 1509 2628 1592 2665; x_wconf 92' lang='lat' dir='ltr'><strong>haec</strong></span> <span class='ocrx_word' id='word_1_661' title='bbox 1612 2627 1754 2673; x_wconf 88' lang='lat' dir='ltr'><strong>omnia,</strong></span> <span class='ocrx_word' id='word_1_662' title='bbox 1776 2627 2075 2675; x_wconf 88' lang='lat' dir='ltr'><strong>deprehenditur</strong></span> <span class='ocrx_word' id='word_1_663' title='bbox 2090 2630 2218 2667; x_wconf 86' lang='lat' dir='ltr'><strong>immi.</strong></span> 
     </span>
     <span class='ocr_line' id='line_1_97' title="bbox 1169 2680 2220 2730; baseline 0.004 -14"><span class='ocrx_word' id='word_1_664' title='bbox 1169 2680 1370 2717; x_wconf 88' lang='lat' dir='ltr'><strong>nutionem</strong></span> <span class='ocrx_word' id='word_1_665' title='bbox 1397 2680 1531 2730; x_wconf 85' lang='lat' dir='ltr'><strong>anguli</strong></span> <span class='ocrx_word' id='word_1_666' title='bbox 1559 2680 1819 2721; x_wconf 84' lang='lat' dir='ltr'><strong>inclinationis</strong></span> <span class='ocrx_word' id='word_1_667' title='bbox 1846 2682 2007 2729; x_wconf 85' lang='lat' dir='ltr'><strong>exprimi</strong></span> <span class='ocrx_word' id='word_1_668' title='bbox 2027 2695 2095 2730; x_wconf 92' lang='lat' dir='ltr'><strong>per</strong></span> <span class='ocrx_word' id='word_1_669' title='bbox 2113 2696 2220 2720; x_wconf 84' lang='lat' dir='ltr'><strong>areas</strong></span> 
     </span>
     <span class='ocr_line' id='line_1_98' title="bbox 1172 2732 2217 2785; baseline 0.003 -15"><span class='ocrx_word' id='word_1_670' title='bbox 1172 2732 1269 2772; x_wconf 91' lang='lat' dir='ltr'><strong>NA</strong></span> <span class='ocrx_word' id='word_1_671' title='bbox 1290 2733 1372 2778; x_wconf 87' lang='lat' dir='ltr'><strong>Fh,</strong></span> <span class='ocrx_word' id='word_1_672' title='bbox 1393 2733 1588 2782; x_wconf 89' lang='lat' dir='ltr'><strong>anR,</strong></span> <span class='ocrx_word' id='word_1_673' title='bbox 1614 2733 1699 2769; x_wconf 90' lang='lat' dir='ltr'><strong>Hn</strong></span> <span class='ocrx_word' id='word_1_674' title='bbox 1719 2733 1833 2770; x_wconf 86' lang='lat' dir='ltr'><strong>afet</strong></span> <span class='ocrx_word' id='word_1_675' title='bbox 1855 2734 2031 2780; x_wconf 89' lang='lat' dir='ltr'><strong>Nth,</strong></span> <span class='ocrx_word' id='word_1_676' title='bbox 2053 2749 2217 2785; x_wconf 87' lang='lat' dir='ltr'><strong>quarum</strong></span> 
     </span>
     <span class='ocr_line' id='line_1_99' title="bbox 1170 2785 2218 2834; baseline 0.005 -12"><span class='ocrx_word' id='word_1_677' title='bbox 1170 2786 1294 2834; x_wconf 87' lang='lat' dir='ltr'><strong>prima</strong></span> <span class='ocrx_word' id='word_1_678' title='bbox 1313 2794 1349 2823; x_wconf 92' lang='lat' dir='ltr'><strong>et</strong></span> <span class='ocrx_word' id='word_1_679' title='bbox 1369 2786 1506 2822; x_wconf 87' lang='lat' dir='ltr'><strong>ultima</strong></span> <span class='ocrx_word' id='word_1_680' title='bbox 1521 2785 1696 2825; x_wconf 88' lang='lat' dir='ltr'><strong>efficiunt</strong></span> <span class='ocrx_word' id='word_1_681' title='bbox 1715 2786 1753 2830; x_wconf 90' lang='lat' dir='ltr'>Q</span> <span class='ocrx_word' id='word_1_682' title='bbox 1770 2787 1809 2823; x_wconf 92' lang='lat' dir='ltr'><strong>A</strong></span> <span class='ocrx_word' id='word_1_683' title='bbox 1829 2786 1861 2824; x_wconf 88' lang='lat' dir='ltr'><strong>F</strong></span> <span class='ocrx_word' id='word_1_684' title='bbox 1875 2787 1912 2825; x_wconf 94' lang='lat' dir='ltr'>T</span> <span class='ocrx_word' id='word_1_685' title='bbox 1925 2800 1955 2833; x_wconf 88' lang='lat' dir='ltr'><strong>r,</strong></span> <span class='ocrx_word' id='word_1_686' title='bbox 1974 2787 2064 2825; x_wconf 88' lang='lat' dir='ltr'><strong>duae</strong></span> <span class='ocrx_word' id='word_1_687' title='bbox 2079 2789 2218 2827; x_wconf 84' lang='lat' dir='ltr'><strong>mediae</strong></span> 
     </span>
     <span class='ocr_line' id='line_1_100' title="bbox 1172 2839 1546 2889; baseline 0.003 -14"><span class='ocrx_word' id='word_1_688' title='bbox 1172 2851 1299 2876; x_wconf 88' lang='lat' dir='ltr'><strong>aream</strong></span> <span class='ocrx_word' id='word_1_689' title='bbox 1318 2852 1343 2889; x_wconf 87' lang='lat' dir='ltr'><strong>q</strong></span> <span class='ocrx_word' id='word_1_690' title='bbox 1361 2852 1383 2876; x_wconf 85' lang='lat' dir='ltr'><strong>a</strong></span> <span class='ocrx_word' id='word_1_691' title='bbox 1401 2839 1424 2875; x_wconf 87' lang='lat' dir='ltr'>f</span> <span class='ocrx_word' id='word_1_692' title='bbox 1440 2839 1472 2876; x_wconf 89' lang='lat' dir='ltr'><strong>F</strong></span> <span class='ocrx_word' id='word_1_693' title='bbox 1495 2839 1546 2876; x_wconf 87' lang='lat' dir='ltr'><strong>R.</strong></span> 
     </span>
    </p>

    <p class='ocr_par' dir='ltr' id='par_1_40' title="bbox 1170 2890 2218 3157">
     <span class='ocr_line' id='line_1_101' title="bbox 1227 2890 2218 2944; baseline 0.004 -14"><span class='ocrx_word' id='word_1_694' title='bbox 1227 2892 1374 2930; x_wconf 87' lang='lat' dir='ltr'><strong>Totum</strong></span> <span class='ocrx_word' id='word_1_695' title='bbox 1393 2890 1483 2930; x_wconf 68' lang='lat' dir='ltr'><strong>verb</strong></span> <span class='ocrx_word' id='word_1_696' title='bbox 1502 2892 1786 2930; x_wconf 89' lang='lat' dir='ltr'><strong>incrementum</strong></span> <span class='ocrx_word' id='word_1_697' title='bbox 1805 2893 1938 2944; x_wconf 86' lang='lat' dir='ltr'><strong>anguli</strong></span> <span class='ocrx_word' id='word_1_698' title='bbox 1959 2894 2218 2934; x_wconf 85' lang='lat' dir='ltr'><strong>inclinationis</strong></span> 
     </span>
     <span class='ocr_line' id='line_1_102' title="bbox 1171 2945 2218 2997; baseline 0.007 -16"><span class='ocrx_word' id='word_1_699' title='bbox 1171 2945 1398 2994; x_wconf 87' lang='lat' dir='ltr'><strong>exprimitur</strong></span> <span class='ocrx_word' id='word_1_700' title='bbox 1412 2958 1480 2994; x_wconf 89' lang='lat' dir='ltr'><strong>per</strong></span> <span class='ocrx_word' id='word_1_701' title='bbox 1493 2958 1599 2982; x_wconf 84' lang='lat' dir='ltr'><strong>areas</strong></span> <span class='ocrx_word' id='word_1_702' title='bbox 1617 2946 1650 2983; x_wconf 93' lang='lat' dir='ltr'><strong>F</strong></span> <span class='ocrx_word' id='word_1_703' title='bbox 1667 2947 1706 2984; x_wconf 85' lang='lat' dir='ltr'><strong>R</strong></span> <span class='ocrx_word' id='word_1_704' title='bbox 1717 2959 1743 2996; x_wconf 92' lang='lat' dir='ltr'><strong>q</strong></span> <span class='ocrx_word' id='word_1_705' title='bbox 1761 2954 1799 2983; x_wconf 90' lang='lat' dir='ltr'><strong>et</strong></span> <span class='ocrx_word' id='word_1_706' title='bbox 1817 2947 1858 2990; x_wconf 93' lang='lat' dir='ltr'>Q</span> <span class='ocrx_word' id='word_1_707' title='bbox 1874 2948 1896 2984; x_wconf 88' lang='lat' dir='ltr'><strong>f</strong></span> <span class='ocrx_word' id='word_1_708' title='bbox 1907 2960 1937 2991; x_wconf 88' lang='lat' dir='ltr'><strong>r,</strong></span> <span class='ocrx_word' id='word_1_709' title='bbox 1958 2960 2123 2997; x_wconf 91' lang='lat' dir='ltr'><strong>quarum</strong></span> <span class='ocrx_word' id='word_1_710' title='bbox 2134 2951 2218 2988; x_wconf 73' lang='lat' dir='ltr'><strong>ha²c</strong></span> 
     </span>
     <span class='ocr_line' id='line_1_103' title="bbox 1171 2998 2217 3050; baseline 0.001 -15"><span class='ocrx_word' id='word_1_711' title='bbox 1171 2998 1340 3037; x_wconf 85' lang='lat' dir='ltr'><strong>detracta</strong></span> <span class='ocrx_word' id='word_1_712' title='bbox 1357 3011 1403 3035; x_wconf 86' lang='lat' dir='ltr'><strong>ex</strong></span> <span class='ocrx_word' id='word_1_713' title='bbox 1424 3011 1511 3036; x_wconf 89' lang='lat' dir='ltr'><strong>area</strong></span> <span class='ocrx_word' id='word_1_714' title='bbox 1526 2999 1568 3043; x_wconf 89' lang='lat' dir='ltr'>Q</span> <span class='ocrx_word' id='word_1_715' title='bbox 1581 3000 1618 3036; x_wconf 90' lang='lat' dir='ltr'><strong>A</strong></span> <span class='ocrx_word' id='word_1_716' title='bbox 1637 2999 1670 3037; x_wconf 92' lang='lat' dir='ltr'><strong>F</strong></span> <span class='ocrx_word' id='word_1_717' title='bbox 1687 2999 1724 3037; x_wconf 94' lang='lat' dir='ltr'>T</span> <span class='ocrx_word' id='word_1_718' title='bbox 1740 3012 1761 3036; x_wconf 91' lang='lat' dir='ltr'><strong>r</strong></span> <span class='ocrx_word' id='word_1_719' title='bbox 1778 3000 1959 3050; x_wconf 87' lang='lat' dir='ltr'><strong>relinquit</strong></span> <span class='ocrx_word' id='word_1_720' title='bbox 1977 3002 2086 3038; x_wconf 90' lang='lat' dir='ltr'><strong>semi·</strong></span> <span class='ocrx_word' id='word_1_721' title='bbox 2094 3003 2217 3041; x_wconf 88' lang='lat' dir='ltr'><strong>circu-</strong></span> 
     </span>
     <span class='ocr_line' id='line_1_104' title="bbox 1170 3051 2216 3104; baseline 0.006 -16"><span class='ocrx_word' id='word_1_722' title='bbox 1170 3052 1255 3088; x_wconf 92' lang='lat' dir='ltr'><strong>lum</strong></span> <span class='ocrx_word' id='word_1_723' title='bbox 1278 3052 1320 3096; x_wconf 90' lang='lat' dir='ltr'>Q</span> <span class='ocrx_word' id='word_1_724' title='bbox 1339 3052 1377 3089; x_wconf 93' lang='lat' dir='ltr'><strong>A</strong></span> <span class='ocrx_word' id='word_1_725' title='bbox 1401 3052 1434 3091; x_wconf 89' lang='lat' dir='ltr'><strong>F</strong></span> <span class='ocrx_word' id='word_1_726' title='bbox 1453 3052 1480 3095; x_wconf 88' lang='lat' dir='ltr'><strong>f,</strong></span> <span class='ocrx_word' id='word_1_727' title='bbox 1500 3052 1605 3101; x_wconf 91' lang='lat' dir='ltr'><strong>prior</strong></span> <span class='ocrx_word' id='word_1_728' title='bbox 1623 3051 1794 3090; x_wconf 82' lang='lat' dir='ltr'><strong>detracta</strong></span> <span class='ocrx_word' id='word_1_729' title='bbox 1812 3066 1859 3090; x_wconf 84' lang='lat' dir='ltr'><strong>ex</strong></span> <span class='ocrx_word' id='word_1_730' title='bbox 1879 3066 1978 3090; x_wconf 89' lang='lat' dir='ltr'><strong>areae</strong></span> <span class='ocrx_word' id='word_1_731' title='bbox 1996 3068 2021 3104; x_wconf 92' lang='lat' dir='ltr'><strong>q</strong></span> <span class='ocrx_word' id='word_1_732' title='bbox 2039 3068 2063 3092; x_wconf 86' lang='lat' dir='ltr'><strong>a</strong></span> <span class='ocrx_word' id='word_1_733' title='bbox 2080 3055 2103 3092; x_wconf 89' lang='lat' dir='ltr'>f</span> <span class='ocrx_word' id='word_1_734' title='bbox 2119 3056 2155 3093; x_wconf 95' lang='lat' dir='ltr'>T</span> <span class='ocrx_word' id='word_1_735' title='bbox 2180 3058 2216 3094; x_wconf 80' lang='lat' dir='ltr'>R</span> 
     </span>
     <span class='ocr_line' id='line_1_105' title="bbox 1171 3104 2217 3157; baseline 0.006 -16"><span class='ocrx_word' id='word_1_736' title='bbox 1171 3104 1354 3156; x_wconf 87' lang='lat' dir='ltr'><strong>relinquit</strong></span> <span class='ocrx_word' id='word_1_737' title='bbox 1372 3105 1675 3143; x_wconf 90' lang='lat' dir='ltr'><strong>semi-circulum</strong></span> <span class='ocrx_word' id='word_1_738' title='bbox 1693 3119 1718 3155; x_wconf 91' lang='lat' dir='ltr'><strong>q</strong></span> <span class='ocrx_word' id='word_1_739' title='bbox 1736 3119 1759 3143; x_wconf 90' lang='lat' dir='ltr'><strong>a</strong></span> <span class='ocrx_word' id='word_1_740' title='bbox 1776 3106 1799 3143; x_wconf 87' lang='lat' dir='ltr'>f</span> <span class='ocrx_word' id='word_1_741' title='bbox 1814 3107 1844 3143; x_wconf 90' lang='lat' dir='ltr'><strong>F</strong></span> <span class='ocrx_word' id='word_1_742' title='bbox 1862 3104 2029 3157; x_wconf 78' lang='lat' dir='ltr'><strong>ideoque</strong></span> <span class='ocrx_word' id='word_1_743' title='bbox 2048 3108 2217 3147; x_wconf 87' lang='lat' dir='ltr'><strong>circulus</strong></span> 
     </span>
    </p>
   </div>
   <div class='ocr_carea' id='block_1_33' title="bbox 1170 3158 2281 3213">
    <p class='ocr_par' dir='ltr' id='par_1_41' title="bbox 1170 3158 2281 3213">
     <span class='ocr_line' id='line_1_106' title="bbox 1170 3158 2281 3213; baseline 0.005 -18"><span class='ocrx_word' id='word_1_744' title='bbox 1170 3164 1275 3195; x_wconf 86' lang='lat' dir='ltr'><strong>totus</strong></span> <span class='ocrx_word' id='word_1_745' title='bbox 1306 3159 1348 3202; x_wconf 89' lang='lat' dir='ltr'>Q</span> <span class='ocrx_word' id='word_1_746' title='bbox 1375 3161 1415 3195; x_wconf 95' lang='lat' dir='ltr'><strong>A</strong></span> <span class='ocrx_word' id='word_1_747' title='bbox 1442 3171 1468 3209; x_wconf 93' lang='lat' dir='ltr'><strong>q</strong></span> <span class='ocrx_word' id='word_1_748' title='bbox 1495 3173 1517 3197; x_wconf 89' lang='lat' dir='ltr'><strong>a</strong></span> <span class='ocrx_word' id='word_1_749' title='bbox 1545 3158 1722 3208; x_wconf 86' lang='lat' dir='ltr'><strong>designat</strong></span> <span class='ocrx_word' id='word_1_750' title='bbox 1740 3158 2054 3198; x_wconf 87' lang='lat' dir='ltr'><strong>imminutionem</strong></span> <span class='ocrx_word' id='word_1_751' title='bbox 2081 3163 2215 3213; x_wconf 87' lang='lat' dir='ltr'><strong>anguli</strong></span> <span class='ocrx_word' id='word_1_752' title='bbox 2277 3180 2281 3184; x_wconf 55' lang='lat'><strong>⁴</strong></span> 
     </span>
    </p>
   </div>
   <div class='ocr_carea' id='block_1_34' title="bbox 1170 3211 2221 3959">
    <p class='ocr_par' dir='ltr' id='par_1_42' title="bbox 1170 3211 2217 3314">
     <span class='ocr_line' id='line_1_107' title="bbox 1170 3211 2217 3266; baseline 0.008 -20"><span class='ocrx_word' id='word_1_753' title='bbox 1170 3211 1431 3249; x_wconf 89' lang='lat' dir='ltr'><strong>inclinationis</strong></span> <span class='ocrx_word' id='word_1_754' title='bbox 1442 3212 1533 3249; x_wconf 74' lang='lat' dir='ltr'><strong>cum</strong></span> <span class='ocrx_word' id='word_1_755' title='bbox 1545 3211 1671 3249; x_wconf 87' lang='lat' dir='ltr'><strong>nodus</strong></span> <span class='ocrx_word' id='word_1_756' title='bbox 1684 3220 1855 3250; x_wconf 82' lang='lat' dir='ltr'><strong>versatur</strong></span> <span class='ocrx_word' id='word_1_757' title='bbox 1868 3213 1910 3251; x_wconf 90' lang='lat' dir='ltr'><strong>in</strong></span> <span class='ocrx_word' id='word_1_758' title='bbox 1924 3214 2060 3266; x_wconf 89' lang='lat' dir='ltr'><strong>quovis</strong></span> <span class='ocrx_word' id='word_1_759' title='bbox 2071 3224 2217 3264; x_wconf 88' lang='lat' dir='ltr'><strong>puncto</strong></span> 
     </span>
     <span class='ocr_line' id='line_1_108' title="bbox 1174 3264 1593 3314; baseline -0.002 -11"><span class='ocrx_word' id='word_1_760' title='bbox 1174 3264 1214 3303; x_wconf 90' lang='lat' dir='ltr'>N</span> <span class='ocrx_word' id='word_1_761' title='bbox 1233 3264 1455 3314; x_wconf 84' lang='lat' dir='ltr'><strong>quadrantis</strong></span> <span class='ocrx_word' id='word_1_762' title='bbox 1478 3266 1516 3303; x_wconf 93' lang='lat' dir='ltr'><strong>A</strong></span> <span class='ocrx_word' id='word_1_763' title='bbox 1540 3266 1593 3309; x_wconf 87' lang='lat' dir='ltr'>Q.</span> 
     </span>
    </p>

    <p class='ocr_par' dir='ltr' id='par_1_43' title="bbox 1170 3317 2217 3528">
     <span class='ocr_line' id='line_1_109' title="bbox 1228 3317 2215 3371; baseline 0.007 -18"><span class='ocrx_word' id='word_1_764' title='bbox 1228 3318 1268 3354; x_wconf 91' lang='lat' dir='ltr'><strong>Si</strong></span> <span class='ocrx_word' id='word_1_765' title='bbox 1287 3318 1370 3354; x_wconf 90' lang='lat' dir='ltr'><strong>haec</strong></span> <span class='ocrx_word' id='word_1_766' title='bbox 1383 3317 1581 3356; x_wconf 86' lang='lat' dir='ltr'><strong>ratiocinia</strong></span> <span class='ocrx_word' id='word_1_767' title='bbox 1595 3318 1836 3367; x_wconf 86' lang='lat' dir='ltr'><strong>applicentur</strong></span> <span class='ocrx_word' id='word_1_768' title='bbox 1849 3318 1899 3357; x_wconf 90' lang='lat' dir='ltr'><strong>ad</strong></span> <span class='ocrx_word' id='word_1_769' title='bbox 1915 3320 2079 3371; x_wconf 86' lang='lat' dir='ltr'><strong>figuram</strong></span> <span class='ocrx_word' id='word_1_770' title='bbox 2098 3323 2215 3360; x_wconf 86' lang='lat' dir='ltr'><strong>New-</strong></span> 
     </span>
     <span class='ocr_line' id='line_1_110' title="bbox 1172 3370 2216 3423; baseline 0.006 -15"><span class='ocrx_word' id='word_1_771' title='bbox 1172 3370 1366 3409; x_wconf 89' lang='lat' dir='ltr'><strong>tonianam</strong></span> <span class='ocrx_word' id='word_1_772' title='bbox 1385 3371 1454 3408; x_wconf 89' lang='lat' dir='ltr'><strong>ubi</strong></span> <span class='ocrx_word' id='word_1_773' title='bbox 1472 3371 1597 3409; x_wconf 91' lang='lat' dir='ltr'><strong>nodus</strong></span> <span class='ocrx_word' id='word_1_774' title='bbox 1619 3372 1658 3408; x_wconf 92' lang='lat' dir='ltr'>N</span> <span class='ocrx_word' id='word_1_775' title='bbox 1678 3379 1735 3409; x_wconf 89' lang='lat' dir='ltr'><strong>est</strong></span> <span class='ocrx_word' id='word_1_776' title='bbox 1752 3372 1793 3409; x_wconf 91' lang='lat' dir='ltr'><strong>in</strong></span> <span class='ocrx_word' id='word_1_777' title='bbox 1812 3373 2023 3423; x_wconf 87' lang='lat' dir='ltr'><strong>quadrante</strong></span> <span class='ocrx_word' id='word_1_778' title='bbox 2047 3376 2088 3419; x_wconf 92' lang='lat' dir='ltr'>Q</span> <span class='ocrx_word' id='word_1_779' title='bbox 2104 3390 2139 3422; x_wconf 87' lang='lat' dir='ltr'><strong>a,</strong></span> <span class='ocrx_word' id='word_1_780' title='bbox 2168 3389 2216 3414; x_wconf 82' lang='lat' dir='ltr'><strong>ex</strong></span> 
     </span>
     <span class='ocr_line' id='line_1_111' title="bbox 1170 3423 2217 3479; baseline 0.007 -18"><span class='ocrx_word' id='word_1_781' title='bbox 1170 3424 1217 3461; x_wconf 91' lang='lat' dir='ltr'><strong>iis</strong></span> <span class='ocrx_word' id='word_1_782' title='bbox 1235 3423 1543 3472; x_wconf 87' lang='lat' dir='ltr'><strong>deprehendetur</strong></span> <span class='ocrx_word' id='word_1_783' title='bbox 1561 3424 1751 3462; x_wconf 91' lang='lat' dir='ltr'><strong>circulum</strong></span> <span class='ocrx_word' id='word_1_784' title='bbox 1775 3426 1814 3469; x_wconf 91' lang='lat' dir='ltr'>Q</span> <span class='ocrx_word' id='word_1_785' title='bbox 1845 3427 1881 3462; x_wconf 94' lang='lat' dir='ltr'><strong>A</strong></span> <span class='ocrx_word' id='word_1_786' title='bbox 1912 3439 1938 3477; x_wconf 93' lang='lat' dir='ltr'><strong>q</strong></span> <span class='ocrx_word' id='word_1_787' title='bbox 1964 3440 1988 3464; x_wconf 92' lang='lat' dir='ltr'><strong>a</strong></span> <span class='ocrx_word' id='word_1_788' title='bbox 2014 3427 2217 3479; x_wconf 83' lang='lat' dir='ltr'><strong>designare</strong></span> 
     </span>
     <span class='ocr_line' id='line_1_112' title="bbox 1171 3477 1893 3528; baseline 0.001 -15"><span class='ocrx_word' id='word_1_789' title='bbox 1171 3477 1452 3514; x_wconf 85' lang='lat' dir='ltr'><strong>incrementum</strong></span> <span class='ocrx_word' id='word_1_790' title='bbox 1468 3478 1603 3528; x_wconf 88' lang='lat' dir='ltr'><strong>anguli</strong></span> <span class='ocrx_word' id='word_1_791' title='bbox 1622 3477 1893 3517; x_wconf 87' lang='lat' dir='ltr'><strong>inclinationis.</strong></span> 
     </span>
    </p>

    <p class='ocr_par' dir='ltr' id='par_1_44' title="bbox 1173 3529 2221 3959">
     <span class='ocr_line' id='line_1_113' title="bbox 1230 3529 2218 3580; baseline 0.007 -14"><span class='ocrx_word' id='word_1_792' title='bbox 1230 3529 1270 3567; x_wconf 90' lang='lat' dir='ltr'><strong>Si</strong></span> <span class='ocrx_word' id='word_1_793' title='bbox 1302 3529 1428 3567; x_wconf 90' lang='lat' dir='ltr'><strong>nodus</strong></span> <span class='ocrx_word' id='word_1_794' title='bbox 1454 3531 1495 3566; x_wconf 88' lang='lat' dir='ltr'><strong>in</strong></span> <span class='ocrx_word' id='word_1_795' title='bbox 1514 3529 1726 3580; x_wconf 88' lang='lat' dir='ltr'><strong>quadrante</strong></span> <span class='ocrx_word' id='word_1_796' title='bbox 1755 3545 1778 3568; x_wconf 90' lang='lat' dir='ltr'><strong>a</strong></span> <span class='ocrx_word' id='word_1_797' title='bbox 1809 3544 1833 3580; x_wconf 95' lang='lat' dir='ltr'><strong>q</strong></span> <span class='ocrx_word' id='word_1_798' title='bbox 1862 3541 2056 3580; x_wconf 85' lang='lat' dir='ltr'><strong>versetur3</strong></span> <span class='ocrx_word' id='word_1_799' title='bbox 2086 3537 2218 3574; x_wconf 82' lang='lat' dir='ltr'><strong>omnia</strong></span> 
     </span>
     <span class='ocr_line' id='line_1_114' title="bbox 1174 3582 2217 3633; baseline 0.008 -14"><span class='ocrx_word' id='word_1_800' title='bbox 1174 3583 1310 3620; x_wconf 89' lang='lat' dir='ltr'><strong>eodem</strong></span> <span class='ocrx_word' id='word_1_801' title='bbox 1322 3582 1438 3619; x_wconf 90' lang='lat' dir='ltr'><strong>modo</strong></span> <span class='ocrx_word' id='word_1_802' title='bbox 1452 3583 1660 3631; x_wconf 85' lang='lat' dir='ltr'><strong>procedent</strong></span> <span class='ocrx_word' id='word_1_803' title='bbox 1678 3596 1722 3621; x_wconf 86' lang='lat' dir='ltr'><strong>ac</strong></span> <span class='ocrx_word' id='word_1_804' title='bbox 1741 3584 1783 3621; x_wconf 89' lang='lat' dir='ltr'><strong>in</strong></span> <span class='ocrx_word' id='word_1_805' title='bbox 1801 3584 1927 3633; x_wconf 91' lang='lat' dir='ltr'><strong>primo</strong></span> <span class='ocrx_word' id='word_1_806' title='bbox 1941 3598 2044 3632; x_wconf 76' lang='lat' dir='ltr'><strong>casu,</strong></span> <span class='ocrx_word' id='word_1_807' title='bbox 2059 3590 2217 3627; x_wconf 87' lang='lat' dir='ltr'><strong>mutatis</strong></span> 
     </span>
     <span class='ocr_line' id='line_1_115' title="bbox 1173 3635 2217 3686; baseline 0.007 -13"><span class='ocrx_word' id='word_1_808' title='bbox 1173 3635 1419 3673; x_wconf 89' lang='lat' dir='ltr'><strong>solummodo</strong></span> <span class='ocrx_word' id='word_1_809' title='bbox 1438 3636 1572 3673; x_wconf 90' lang='lat' dir='ltr'><strong>litteris</strong></span> <span class='ocrx_word' id='word_1_810' title='bbox 1599 3636 1823 3686; x_wconf 85' lang='lat' dir='ltr'><strong>majusculis</strong></span> <span class='ocrx_word' id='word_1_811' title='bbox 1841 3637 1880 3674; x_wconf 91' lang='lat' dir='ltr'><strong>in</strong></span> <span class='ocrx_word' id='word_1_812' title='bbox 1901 3640 2077 3684; x_wconf 84' lang='lat' dir='ltr'><strong>minores,</strong></span> <span class='ocrx_word' id='word_1_813' title='bbox 2109 3640 2217 3681; x_wconf 74' lang='lat' dir='ltr'><strong>ideo-</strong></span> 
     </span>
     <span class='ocr_line' id='line_1_116' title="bbox 1173 3688 2217 3742; baseline 0.002 -16"><span class='ocrx_word' id='word_1_814' title='bbox 1173 3702 1248 3738; x_wconf 92' lang='lat' dir='ltr'><strong>que</strong></span> <span class='ocrx_word' id='word_1_815' title='bbox 1268 3689 1383 3725; x_wconf 86' lang='lat' dir='ltr'><strong>etiam</strong></span> <span class='ocrx_word' id='word_1_816' title='bbox 1402 3688 1624 3726; x_wconf 87' lang='lat' dir='ltr'><strong>ostendetur</strong></span> <span class='ocrx_word' id='word_1_817' title='bbox 1642 3690 1831 3727; x_wconf 87' lang='lat' dir='ltr'><strong>circulum</strong></span> <span class='ocrx_word' id='word_1_818' title='bbox 1864 3691 1906 3735; x_wconf 90' lang='lat' dir='ltr'>Q</span> <span class='ocrx_word' id='word_1_819' title='bbox 1928 3693 1963 3729; x_wconf 92' lang='lat' dir='ltr'><strong>A</strong></span> <span class='ocrx_word' id='word_1_820' title='bbox 1986 3705 2012 3742; x_wconf 90' lang='lat' dir='ltr'><strong>q</strong></span> <span class='ocrx_word' id='word_1_821' title='bbox 2039 3707 2061 3731; x_wconf 89' lang='lat' dir='ltr'><strong>a</strong></span> <span class='ocrx_word' id='word_1_822' title='bbox 2088 3693 2217 3737; x_wconf 84' lang='lat' dir='ltr'><strong>immi-</strong></span> 
     </span>
     <span class='ocr_line' id='line_1_117' title="bbox 1174 3741 2217 3797; baseline 0.009 -20"><span class='ocrx_word' id='word_1_823' title='bbox 1174 3741 1376 3778; x_wconf 85' lang='lat' dir='ltr'><strong>nutionem</strong></span> <span class='ocrx_word' id='word_1_824' title='bbox 1390 3742 1522 3791; x_wconf 88' lang='lat' dir='ltr'><strong>anguli</strong></span> <span class='ocrx_word' id='word_1_825' title='bbox 1543 3741 1799 3780; x_wconf 88' lang='lat' dir='ltr'><strong>inclinationis</strong></span> <span class='ocrx_word' id='word_1_826' title='bbox 1818 3743 2038 3794; x_wconf 86' lang='lat' dir='ltr'><strong>designare;</strong></span> <span class='ocrx_word' id='word_1_827' title='bbox 2060 3756 2098 3785; x_wconf 92' lang='lat' dir='ltr'><strong>et</strong></span> <span class='ocrx_word' id='word_1_828' title='bbox 2117 3750 2217 3797; x_wconf 89' lang='lat' dir='ltr'><strong>pari-</strong></span> 
     </span>
     <span class='ocr_line' id='line_1_118' title="bbox 1174 3794 2220 3848; baseline 0.01 -18"><span class='ocrx_word' id='word_1_829' title='bbox 1174 3803 1231 3831; x_wconf 77' lang='lat' dir='ltr'><strong>ter</strong></span> <span class='ocrx_word' id='word_1_830' title='bbox 1249 3794 1314 3831; x_wconf 91' lang='lat' dir='ltr'><strong>ubi</strong></span> <span class='ocrx_word' id='word_1_831' title='bbox 1335 3794 1460 3831; x_wconf 88' lang='lat' dir='ltr'><strong>nodus</strong></span> <span class='ocrx_word' id='word_1_832' title='bbox 1479 3795 1550 3832; x_wconf 87' lang='lat' dir='ltr'><strong>erit</strong></span> <span class='ocrx_word' id='word_1_833' title='bbox 1567 3795 1608 3831; x_wconf 93' lang='lat' dir='ltr'><strong>in</strong></span> <span class='ocrx_word' id='word_1_834' title='bbox 1626 3795 1837 3844; x_wconf 86' lang='lat' dir='ltr'><strong>quadrante</strong></span> <span class='ocrx_word' id='word_1_835' title='bbox 1855 3810 1880 3848; x_wconf 93' lang='lat' dir='ltr'><strong>q</strong></span> <span class='ocrx_word' id='word_1_836' title='bbox 1901 3799 1938 3835; x_wconf 94' lang='lat' dir='ltr'><strong>A</strong></span> <span class='ocrx_word' id='word_1_837' title='bbox 1959 3811 2070 3838; x_wconf 86' lang='lat' dir='ltr'><strong>casus</strong></span> <span class='ocrx_word' id='word_1_838' title='bbox 2088 3802 2151 3839; x_wconf 91' lang='lat' dir='ltr'><strong>hic</strong></span> <span class='ocrx_word' id='word_1_839' title='bbox 2169 3802 2220 3840; x_wconf 88' lang='lat' dir='ltr'><strong>ad</strong></span> 
     </span>
     <span class='ocr_line' id='line_1_119' title="bbox 1174 3846 2220 3902; baseline 0.01 -19"><span class='ocrx_word' id='word_1_840' title='bbox 1174 3846 1389 3884; x_wconf 88' lang='lat' dir='ltr'><strong>secundum</strong></span> <span class='ocrx_word' id='word_1_841' title='bbox 1403 3847 1534 3884; x_wconf 86' lang='lat' dir='ltr'><strong>referri</strong></span> <span class='ocrx_word' id='word_1_842' title='bbox 1546 3850 1695 3896; x_wconf 85' lang='lat' dir='ltr'><strong>poterit,</strong></span> <span class='ocrx_word' id='word_1_843' title='bbox 1709 3849 1901 3888; x_wconf 89' lang='lat' dir='ltr'><strong>minuitur</strong></span> <span class='ocrx_word' id='word_1_844' title='bbox 1915 3864 2007 3902; x_wconf 86' lang='lat' dir='ltr'><strong>ergo</strong></span> <span class='ocrx_word' id='word_1_845' title='bbox 2021 3854 2220 3893; x_wconf 86' lang='lat' dir='ltr'><strong>inclinatio</strong></span> 
     </span>
     <span class='ocr_line' id='line_1_120' title="bbox 1175 3900 2221 3959; baseline 0.011 -22"><span class='ocrx_word' id='word_1_846' title='bbox 1175 3900 1270 3937; x_wconf 88' lang='lat' dir='ltr'><strong>dum</strong></span> <span class='ocrx_word' id='word_1_847' title='bbox 1303 3900 1427 3938; x_wconf 91' lang='lat' dir='ltr'><strong>nodus</strong></span> <span class='ocrx_word' id='word_1_848' title='bbox 1445 3901 1616 3948; x_wconf 87' lang='lat' dir='ltr'><strong>procedit</strong></span> <span class='ocrx_word' id='word_1_849' title='bbox 1644 3903 1692 3939; x_wconf 91' lang='lat' dir='ltr'><strong>ab</strong></span> <span class='ocrx_word' id='word_1_850' title='bbox 1728 3903 1765 3940; x_wconf 92' lang='lat' dir='ltr'><strong>A</strong></span> <span class='ocrx_word' id='word_1_851' title='bbox 1796 3904 1846 3941; x_wconf 91' lang='lat' dir='ltr'><strong>ad</strong></span> <span class='ocrx_word' id='word_1_852' title='bbox 1883 3906 1936 3950; x_wconf 90' lang='lat' dir='ltr'><strong>Q,</strong></span> <span class='ocrx_word' id='word_1_853' title='bbox 1970 3914 2132 3959; x_wconf 84' lang='lat' dir='ltr'><strong>tumque</strong></span> <span class='ocrx_word' id='word_1_854' title='bbox 2164 3916 2221 3948; x_wconf 78' lang='lat' dir='ltr'><strong>est</strong></span> 
     </span>
    </p>
   </div>
  </div>
 </body>
</html>
