2540 4296
102 263 609 351 LiBERTERT1Us.]
686 285 1084 338 PRINCIPIA
1128 286 1741 341 MATHEMATICA.
2169 301 2229 348 17

484 500 954 573 PRoPosrrlo
995 500 1219 552 XXIX.
1299 501 1729 581 PRossLEMA
1770 504 1842 554 x.

768 642 1003 694 Invenire
1025 644 1352 693 variationem
1377 643 1555 694 Lunae.

175 788 238 856 (¹²)
281 786 461 839 Oritur
503 784 616 835 haec
657 784 975 853 inaequalitas
1018 784 1207 852 partim
1251 802 1318 834 ex
1359 783 1524 836 forma
1570 786 1791 854 elliptica
1837 791 1974 841 orbis
2017 788 2227 846 iunaris,

100 875 288 944 partim
313 891 376 924 ex
401 871 745 941 inaequalitate
782 882 1164 923 momentorum
1190 891 1340 934 areae,
1382 892 1536 942 quam
1565 875 1717 926 Luna
1742 878 1888 929 radio
1913 880 1980 930 ad
2008 881 2228 931 Terram

102 967 256 1018 ducto
281 965 537 1016 describit.
616 964 671 1015 Si
710 964 861 1015 Luna
891 964 935 1015 P
959 964 1013 1013 in
1038 963 1204 1031 ellipsi
1231 964 1285 1015 D
1317 963 1361 1014 B
1392 965 1437 1015 C
1465 965 1514 1015 A
1541 966 1675 1016 circa
1703 967 1923 1019 Terram
1962 971 2016 1019 in
2051 981 2230 1022 centro

101 1056 333 1124 ellipseos
362 1056 708 1125 quiescentem
733 1063 1042 1116 moveretur,
1084 1063 1136 1104 et
1161 1052 1306 1103 radio
1333 1053 1384 1104 T
1412 1054 1456 1104 P
1493 1055 1559 1105 ad
1587 1056 1808 1107 Terram
1843 1057 1998 1109 ducto
2037 1059 2229 1110 descri-

99 1147 243 1198 beret
267 1164 439 1196 aream
469 1145 514 1196 C
541 1145 592 1195 T
620 1144 664 1196 P
689 1143 909 1211 tempori
932 1141 1403 1210 proportionalem:
1445 1153 1579 1194 esset
1604 1154 1777 1195 autem
1804 1145 2041 1214 ellipseos
2081 1149 2231 1198 semi-

99 1235 347 1287 diameter
372 1234 598 1284 maxima
627 1233 671 1284 C
698 1232 750 1283 T
774 1232 841 1282 ad
866 1230 1329 1281 semi-diametrum
1367 1231 1631 1281 minimam
1659 1232 1711 1283 T
1735 1233 1787 1283 A
1823 1243 1881 1283 ut
1919 1240 1985 1288 70
2024 1235 2089 1285 ad
2128 1245 2193 1288 69
2217 1258 2228 1288 ς

39 1383 42 1388 ‚
101 1327 165 1396 (¹)
192 1325 321 1377 foret
347 1335 562 1395 tangens
590 1322 766 1393 anguli
794 1322 838 1373 C
865 1321 917 1372 T
939 1321 983 1372 P
1008 1320 1075 1371 ad
1099 1330 1397 1391 tangentem
1435 1321 1611 1391 anguli
1635 1321 1806 1374 motus
1832 1324 1991 1374 medii
2014 1345 2044 1376 a
2070 1328 2230 1395 quad-

152 1470 207 1522 (¹¹)
243 1473 264 1494 ¹*
302 1471 432 1507 Oritur
463 1471 543 1507 Izaec
574 1468 822 1517 inaequalitas,
858 1467 928 1504 &c-
1001 1465 1136 1515 Pergit

101 1524 315 1561 Newtonus
329 1522 369 1559 in
380 1521 579 1570 hypothesi
593 1520 697 1570 quod
709 1516 856 1557 semota
873 1518 971 1557 Solis
987 1519 1135 1556 actione

98 1577 199 1614 orbis
220 1576 347 1613 Lunae
367 1574 560 1612 circularIS
579 1573 702 1619 foret3
732 1573 773 1609 in
791 1572 1019 1621 praecedenti
1047 1570 1137 1609 vero

101 1628 378 1676 Propositione‚
388 1626 653 1669 determinavit
663 1638 871 1676 quamnam
885 1625 1137 1663 mutationem

99 1683 296 1721 induceret
326 1681 382 1718 illi
402 1680 546 1718 circulo
563 1680 620 1716 vis
642 1679 753 1724 Solis,
781 1676 972 1728 quatenus
990 1691 1035 1715 ea
1053 1679 1136 1728 ejus

95 1735 220 1785 portio
247 1734 453 1772 assumitur
471 1746 558 1783 quae
585 1732 632 1770 ad
662 1740 836 1770 centrum
856 1732 976 1769 Terra
993 1737 1136 1779 spectat

96 1798 135 1827 et
152 1801 243 1826 cum
261 1787 445 1837 gravitate
466 1786 593 1824 Luna»
610 1797 740 1822 versus
761 1785 920 1822 Terram
940 1784 1132 1829 sociatur;

95 1842 235 1892 itaque,
267 1847 421 1888 sumpto
439 1851 577 1877 novam
599 1838 763 1889 figuram
792 1839 893 1876 orbis
911 1837 1059 1875 lunaris
1086 1837 1135 1874 ad

96 1895 262 1943 ellipsim
295 1906 406 1942 posse
445 1891 624 1937 revocari,
664 1891 898 1929 demonstrat
934 1890 976 1927 in
1014 1890 1129 1938 Prop-

95 1946 333 1997 praecedente
347 1958 430 1984 earn
445 1944 610 1993 ellipsim
625 1944 742 1982 talem
753 1957 833 1981 esse
851 1951 895 1981 ut
914 1943 996 1980 axis
1014 1945 1135 1995 major

94 2001 144 2039 sit
161 2001 208 2038 ad
228 2000 417 2037 minorem
435 2006 480 2036 ut
499 2002 549 2037 70
563 1997 612 2035 ad
627 2003 697 2044 69;
718 2005 847 2035 motus
864 2004 994 2034 autem
1008 1997 1135 2035 Lunae

95 2055 138 2091 in
170 2054 237 2091 tali
266 2052 388 2101 ellipsi
408 2051 520 2089 debet
547 2050 629 2088 fieri
655 2051 710 2088 ita
738 2057 783 2088 ut
809 2062 907 2087 areae
937 2049 1134 2098 descriptae

95 2109 196 2145 circa
213 2114 388 2144 centrum
409 2105 539 2142 Terrae
566 2104 642 2141 sint
669 2103 904 2152 temporibus
922 2103 1134 2152 proportio-

96 2159 213 2205 nales,
234 2159 326 2208 quia
337 2158 434 2196 vires
445 2170 532 2208 quae
549 2158 811 2202 assumuntur,
831 2155 881 2193 ad
899 2156 940 2193 id
958 2164 1135 2194 centrum

95 2213 340 2266 diriffntun
374 2210 541 2260 cumque
568 2223 664 2248 areae
683 2209 760 2247 illae
790 2208 980 2258 ellipticae,
1011 2222 1135 2261 angu-

95 2265 143 2304 lis
166 2265 208 2302 in
230 2271 361 2302 centro
375 2263 486 2301 factis
507 2262 808 2312 proportionales
832 2275 912 2299 non
939 2262 1028 2310 sint,

95 2318 266 2369 sequitur
284 2317 370 2355 illos
381 2316 545 2367 angulos
562 2317 603 2353 in
622 2323 753 2354 centro
770 2315 871 2353 facto
882 2322 1029 2364 tempo-

94 2372 200 2409 ribus
207 2369 505 2420 proportionales
514 2382 593 2408 non
605 2381 694 2413 esse,
707 2366 871 2419 ideoque
885 2367 1030 2418 aliquid

96 2424 367 2474 corrigendum
379 2435 460 2460 esse
470 2423 595 2460 motui
607 2421 736 2459 medio
747 2421 885 2466 Lunae,
899 2420 940 2457 in
952 2434 1031 2471 quo

98 2477 232 2527 anguli
259 2477 301 2513 in
321 2484 451 2514 centro
472 2475 602 2513 Terrae
620 2475 710 2512 facti
730 2473 1030 2522 proportionales

95 2530 333 2577 temporibus
351 2536 612 2574 assumuntur,
636 2535 680 2564 ut
698 2528 884 2564 habeatur
905 2527 1032 2564 Lunae

96 2592 225 2620 motus
252 2594 364 2620 verus
379 2597 391 2628 ;
430 2589 467 2618 et
494 2582 579 2618 haec
607 2580 790 2617 correctio
826 2580 1031 2617 constituet

96 2642 239 2685 partem
252 2634 480 2681 variationis,
495 2640 661 2685 quaeest,
674 2633 714 2669 in
728 2630 800 2670 hac
814 2633 1027 2681 hypothesi,

95 2701 206 2727 arcus
221 2688 457 2737 interceptus
474 2687 574 2725 inter
594 2686 724 2723 locum
750 2684 923 2723 medium
946 2686 1027 2723 Lu-

95 2754 156 2779 nae
175 2749 213 2780 et
230 2741 360 2780 locum
378 2741 627 2791 ejusverum,
649 2745 687 2776 et
703 2740 786 2776 haec
804 2751 891 2787 pars
909 2740 1028 2776 varia-

47 2828 50 2843 ,
96 2795 209 2833 tionis
226 2792 409 2846 exfhrmc‘i
428 2792 601 2844 ellipticci,
620 2804 737 2842 quam
757 2792 915 2829 assumit
933 2794 1028 2830 orbis

95 2850 242 2887 lunaris
259 2861 327 2897 per
349 2846 447 2885 Solis
465 2842 667 2891 actionem,
687 2847 820 2883 oritur.

151 2900 286 2940 Altera
304 2914 390 2950 pars
407 2899 624 2938 variationis
642 2900 762 2935 oritur
781 2910 827 2935 ex
847 2897 892 2935 ea
909 2898 1028 2935 actio-

97 2953 157 2992 nis
173 2953 271 2993 Solis
287 2961 392 3002 parte
408 2964 525 3004 quam
544 2950 796 2990 consideravit
813 2951 1029 2989 Newtonus

100 3006 216 3056 Prop.
242 3007 413 3044 XXVI·
448 3013 487 3044 et
514 3003 593 3056 qua
624 3004 668 3041 fit
695 3011 741 3042 ut
764 3005 856 3053 ipsae
876 3017 973 3042 areae
1006 3017 1029 3041 a

100 3059 219 3098 Luna
244 3058 440 3108 descriptae
466 3058 703 3108 temporibus
728 3069 808 3094 non
837 3057 913 3095 sint
938 3069 1026 3105 pro-

97 3111 352 3161 portionales3
381 3125 466 3150 area
487 3113 614 3161 itaque
632 3111 792 3160 tempori
810 3109 1028 3160 proportio.

102 3165 201 3203 nalis
236 3164 459 3214 corrigenda
490 3173 559 3211 est,
597 3163 714 3215 idque
750 3162 1030 3202 detrahendum

99 3218 160 3255 vel
186 3217 406 3257 addendum
432 3218 536 3267 quod
564 3216 723 3256 debetur
748 3215 804 3253 illi
833 3215 986 3261 actioni,
1014 3216 1136 3266 quod-

99 3283 176 3320 que
201 3283 269 3320 per
295 3270 616 3308 constructionem
651 3269 781 3309 Probl.
815 3268 936 3306 nostri
969 3281 1008 3305 n.
1044 3273 1132 3306 112.

100 3323 351 3362 determinare
394 3322 622 3360 facillimum
667 3323 739 3361 erit
757 3336 769 3368 ς
816 3334 935 3372 quam
980 3320 1137 3370 qufdem

102 3376 425 3416 constructionem
441 3387 520 3412 non
538 3375 644 3414 dedit
663 3376 891 3420 Newtonus‚
919 3374 1029 3423 quasi
1054 3386 1135 3412 me-

100 3429 295 3467 diocribus
331 3434 501 3465 uteretur
536 3428 812 3478 quantitatibus
847 3440 892 3465 ex
931 3438 1054 3475 aequo,
1092 3434 1137 3464 ut

100 3482 220 3527 aiunt,
242 3489 280 3519 et
297 3483 399 3519 bono
411 3480 624 3529 assumptis,
642 3480 776 3520 verum
794 3480 858 3517 vix
877 3478 1134 3516 dubitandum

100 3535 196 3586 quin
227 3534 277 3572 ad
306 3535 404 3571 hanc
431 3532 490 3570 vel
517 3533 680 3571 similem
710 3533 1046 3576 constructionem,
1076 3543 1135 3568 re-

102 3588 277 3636 spexerit,
310 3587 337 3624 ii
366 3585 471 3623 enim
503 3597 582 3622 non
610 3593 719 3623 erant
745 3597 855 3623 casus
885 3584 1026 3634 quibus
1053 3585 1136 3621 haec

101 3640 230 3678 media
248 3640 330 3677 sine
349 3637 671 3676 demonstratione
689 3637 832 3675 assumi
845 3645 999 3686 possent
1018 3649 1041 3673 a
1059 3635 1139 3673 viro

103 3691 254 3732 summe
271 3699 449 3731 accurato
471 3698 508 3728 et
526 3690 749 3739 perspicace.

156 3743 216 3798 (²)
250 3748 273 3770 ⁶
308 3748 425 3785 Feret
451 3746 585 3795 anguli
611 3750 781 3793 tangem.
843 3740 901 3779 Sit
921 3741 953 3779 C
978 3741 1015 3777 A
1039 3741 1079 3778 D
1102 3741 1136 3779 B

103 3796 245 3848 ellipsis
261 3810 379 3849 quam
400 3798 517 3836 Luna
533 3795 723 3840 describit,
757 3794 810 3832 ita
840 3800 887 3831 ut
914 3806 1011 3831 areae
1040 3793 1140 3831 circa

1189 1471 1367 1501 centrum
1389 1465 1425 1502 T
1444 1465 1519 1502 sint
1551 1467 1788 1514 temporibus
1816 1469 2130 1517 proportionales,
2165 1471 2230 1508 de-

1190 1517 1375 1555 scribatur
1406 1518 1572 1556 circulus
1592 1519 1727 1557 eodem
1747 1529 1889 1564 centro,
1922 1523 2028 1560 radio
2051 1524 2087 1561 T
2109 1525 2154 1569 C,
2189 1525 2230 1560 in

1191 1570 1273 1620 ejus
1292 1570 1422 1607 circuli
1442 1570 1752 1610 circumferentia
1771 1583 1969 1612 moveatur
1987 1577 2102 1613 Luna
2122 1586 2229 1614 motu

1190 1622 1331 1669 medio,
1369 1631 1620 1674 sumaturque
1648 1624 1690 1661 in
1721 1638 1768 1662 eo
1801 1627 1945 1664 circulo
1981 1642 2091 1666 arcus
2127 1631 2158 1667 C
2191 1638 2227 1667 Π

1189 1675 1352 1723 tempori
1371 1676 1491 1713 cuivis
1506 1676 1595 1717 dato
1611 1678 1912 1725 proportionalis,
1929 1681 2045 1718 ducta
2058 1682 2231 1719 ordinata

1192 1736 1230 1765 Π
1254 1728 1289 1765 Ρ
1324 1728 1379 1774 Κ,
1413 1728 1499 1766 dico
1527 1730 1632 1778 quod
1663 1743 1751 1768 area
1780 1731 1947 1780 elliptica
1979 1735 2014 1769 Τ
2038 1736 2068 1772 C
2096 1736 2127 1771 P
2160 1737 2230 1772 erit

1189 1781 1353 1829 tempori
1382 1782 1686 1829 proportionalis,
1718 1784 1791 1821 hoc
1825 1794 1881 1822 est
1899 1787 2003 1835 quod
2033 1795 2111 1824 tota
2143 1800 2230 1825 area

1189 1833 1356 1882 elliptica
1375 1835 1445 1871 erit
1464 1834 1513 1871 ad
1532 1847 1622 1871 eum
1634 1843 1818 1873 sectorem
1840 1839 1875 1875 T
1894 1840 1925 1876 C
1947 1840 1978 1875 P
1998 1848 2041 1876 ut
2060 1848 2115 1877 est
2135 1850 2228 1877 tem-

1188 1899 1262 1935 pus
1279 1887 1518 1935 periodicum
1539 1888 1666 1925 Lunae
1684 1889 1733 1926 ad
1752 1899 1903 1939 tempus
1922 1891 2067 1929 datum.

1245 1940 1319 1976 Est
1338 1941 1442 1977 enim
1461 1948 1540 1978 tota
1558 1940 1689 1979 circuli
1705 1942 2012 1982 circumferentia
2030 1947 2078 1982 ad
2098 1959 2227 1983 arcun.

1193 1993 1226 2030 C
1248 2000 1299 2038 Π,
1331 1993 1407 2030 sive
1426 2001 1529 2030 totus
1548 1994 1715 2031 circulus
1746 1995 1795 2032 ad
1828 2010 1955 2034 aream
1993 1999 2024 2036 C
2048 2000 2082 2035 T
2104 2008 2153 2043 Π,
2189 2008 2230 2036 ut

1187 2052 1343 2093 tempus
1372 2046 1611 2094 periodicum
1630 2055 1756 2086 totum
1784 2048 1833 2086 ad
1860 2057 2011 2098 tempus
2029 2051 2163 2088 datum
2184 2065 2228 2088 ex

1189 2099 1482 2143 constructione,
1505 2099 1583 2141 ‚sed
1616 2113 1662 2137 ex
1694 2099 1788 2138 nota
1823 2102 1955 2141 circuli
1987 2113 2026 2140 et
2057 2104 2230 2151 ellipseos

1188 2151 1429 2200 proprietate,
1449 2161 1507 2190 est
1523 2159 1604 2190 tota
1614 2166 1701 2190 area
1716 2154 1882 2202 elliptica
1899 2156 1947 2192 ad
1967 2164 2086 2193 totam
2101 2170 2228 2195 aream

1189 2202 1319 2242 circuli
1350 2212 1395 2242 ut
1431 2205 1467 2243 T
1490 2206 1527 2243 A
1560 2205 1610 2242 ad
1643 2207 1675 2244 C
1708 2207 1756 2252 T,
1787 2215 1826 2244 et
1856 2209 1995 2256 pariter
2024 2221 2080 2247 est
2109 2220 2230 2248 sector

1194 3213 1227 3252 C
1249 3213 1285 3251 T
1308 3213 1341 3251 P
1368 3214 1415 3251 ad
1448 3216 1480 3253 C
1503 3215 1539 3253 T
1561 3224 1597 3253 Π
1619 3224 1663 3252 ut
1684 3216 1720 3253 T
1742 3216 1778 3252 A
1800 3215 1847 3252 ad
1871 3215 1902 3253 C
1925 3214 1961 3251 T
1981 3216 2088 3264 (nam
2107 3212 2224 3250 trian-

1189 3264 1284 3315 gula
1314 3266 1508 3305 rectilinea
1529 3268 1564 3305 T
1587 3268 1621 3305 P
1643 3268 1696 3313 K,
1733 3268 1769 3305 T
1790 3276 1826 3305 Π
1851 3268 1892 3305 Κ
1924 3275 2014 3303 sunt
2045 3274 2089 3303 ut
2119 3267 2226 3303 bases

1194 3318 1230 3357 P
1250 3318 1303 3363 K,
1328 3328 1365 3357 Π
1391 3320 1458 3366 Κ;
1489 3333 1585 3358 areae
1615 3320 1834 3357 curvilineae
1867 3321 1898 3358 C
1923 3320 1957 3356 P
1979 3319 2032 3362 K,
2069 3319 2100 3356 C
2121 3326 2157 3355 n
2182 3317 2223 3355 Κ

1190 3379 1282 3409 sunt
1293 3372 1419 3418 etiam,
1433 3386 1479 3409 ex
1496 3371 1589 3410 nota
1602 3373 1778 3421 ellipseos
1797 3380 1833 3409 et
1851 3371 1983 3410 circuli
1998 3370 2224 3419 proprietate

1189 3433 1235 3461 ut
1267 3425 1302 3461 P
1334 3425 1374 3462 K
1407 3425 1457 3462 ad
1491 3433 1527 3462 Π
1563 3426 1617 3468 Κ,
1648 3438 1741 3475 ergo
1771 3425 1841 3462 toti
1872 3432 2032 3462 sectores
2065 3424 2096 3460 C
2118 3422 2155 3459 T
2178 3422 2223 3467 P,

1194 3477 1226 3514 C
1248 3477 1285 3514 T
1305 3485 1340 3514 Π
1362 3485 1453 3514 sunt
1473 3485 1516 3515 ut
1537 3477 1572 3514 P
1592 3477 1629 3514 K
1649 3479 1697 3514 ad
1720 3485 1755 3514 n
1780 3477 1831 3520 K,
1853 3489 1940 3526 quae
1958 3483 2049 3513 sunt
2068 3482 2111 3511 ut
2132 3474 2168 3512 T
2185 3475 2223 3511 A

1189 3529 1237 3566 ad
1261 3530 1293 3567 C
1316 3529 1385 3577 T,)
1420 3542 1513 3580 ergo
1530 3537 1610 3567 tota
1628 3542 1716 3566 area
1732 3529 1898 3577 elliptica
1930 3536 1986 3565 est
2016 3527 2066 3564 ad
2097 3539 2224 3564 aream

1189 3581 1320 3620 circuli
1343 3590 1386 3619 ut
1399 3590 1520 3619 sector
1535 3583 1566 3619 C
1585 3582 1621 3619 T
1639 3582 1673 3618 P
1691 3581 1739 3618 ad
1761 3582 1792 3618 C
1812 3582 1847 3619 T
1861 3590 1911 3626 Π,
1933 3588 1971 3618 et
1989 3579 2224 3626 alternando,

1191 3640 1271 3672 tota
1303 3646 1390 3672 area
1421 3634 1587 3682 elliptica
1619 3633 1668 3670 ad
1699 3641 1884 3671 sectorem
1906 3634 1938 3672 C
1960 3633 1996 3670 T
2019 3633 2064 3677 P,
2094 3640 2140 3669 ut
2171 3643 2227 3669 est

1192 3687 1324 3725 circuli
1343 3698 1429 3723 area
1448 3686 1497 3723 ad
1519 3687 1551 3724 C
1575 3686 1611 3723 T
1631 3694 1680 3729 11,
1712 3698 1780 3724 seu
1798 3696 1842 3724 ut
1860 3694 1916 3724 est
1934 3693 2086 3733 tempus
2104 3685 2227 3734 perio-

1192 3740 1336 3784 dicum,
1357 3738 1405 3776 ad
1423 3747 1577 3788 tempus
1593 3737 1739 3776 datum.

1249 3792 1288 3830 Si
1308 3804 1399 3842 ergo
1417 3804 1505 3829 area
1527 3793 1559 3831 C
1574 3790 1611 3829 T
1627 3790 1662 3829 P
1679 3791 1727 3829 sit
1745 3790 1908 3840 tempori
1925 3790 2229 3841 proportionalis,
