2540 4296
318 336 387 381 40
830 319 1394 376 PHILOSOPHIAE
1433 315 1887 371 NATURALIS
1925 315 2043 381 [DE
2074 315 2277 367 Mum).
2308 314 2464 367 SYST.

322 469 597 532 nodorum,
627 486 730 537 quo
755 475 989 534 tempore
1024 463 1114 515 Sol
1138 464 1307 534 pergit
1333 462 1397 513 ab
1424 460 1478 513 N
1503 459 1569 511 ad
1596 460 1648 511 A
1674 466 1752 511 est
1776 458 1844 509 ad
1874 463 1996 509 198‘.
2018 458 2119 509 49'.
2149 457 2227 509 δ”.
2257 455 2386 508 55'''.
2413 463 2472 505 ut

324 581 444 613 area
470 560 523 610 N
552 560 600 611 A
629 558 671 608 Z
696 557 763 607 ad
787 555 1038 606 circulum
1063 564 1245 606 totum.

399 651 539 703 Haec
573 650 645 699 ita
682 666 735 698 se
772 646 966 697 habent
991 664 1058 696 ex
1082 644 1374 715 hypothesi,
1415 643 1554 713 quod
1580 642 1747 693 nodus
1773 640 1916 691 horis
1953 639 2168 710 singulis
2205 639 2260 690 in
2296 639 2471 689 locum

320 740 550 808 priorem
592 734 887 796 retrahitur,
934 734 1007 785 sic
1050 743 1108 784 ut
1153 732 1245 785 Sol
1288 751 1425 783 anno
1463 740 1572 782 toto
1611 717 1973 798 completo-ad
2010 728 2206 779 nodum
2245 727 2469 779 eundem

323 830 504 882 redeat
546 848 577 879 a
620 845 723 897 quo
774 826 867 877 sub
911 825 1057 876 initio
1107 824 1368 895 digressus

322 921 505 972 fuerat.

325 1021 384 1063 ut
424 1010 515 1063 Sol
540 1010 687 1060 citius
726 1009 793 1060 ad
830 1008 1027 1059 nodum
1065 1016 1368 1069 revertatur,

581 917 780 970 Verum
805 936 900 988 per
923 927 1124 969 motum
1160 916 1286 967 nodi
1311 916 1371 967 fit

326 1112 378 1154 et
415 1101 773 1171 computanda*>
792 1102 902 1170 jam
941 1110 1016 1151 est
1054 1098 1370 1150 abbreviatio

323 1192 588 1261 temporis.
668 1193 728 1260 (⁰)
778 1190 914 1242 Cum
956 1190 1048 1243 Sol
1085 1208 1222 1240 anno
1260 1199 1370 1239 toto

327 1281 568 1332 conficiat
595 1289 698 1334 360
718 1280 928 1351 gradus,
956 1289 1009 1331 et
1032 1278 1200 1330 nodus
1225 1288 1372 1330 motu

324 1371 557 1421 maximo
595 1369 780 1421 eodem
817 1378 1052 1436 tempore
1094 1367 1373 1419 conficeret

330 1467 453 1513 39g¹.
482 1461 579 1513 38'.
611 1461 690 1515 7''.
719 1459 849 1521 50“‘‚
878 1476 969 1509 seu
998 1465 1225 1521 39,6355
1250 1477 1372 1529 gra-

327 1549 448 1611 dus3
476 1559 527 1602 et
543 1559 713 1602 motus
732 1549 1007 1601 mediocris
1027 1548 1152 1600 nodi
1176 1548 1231 1599 in
1256 1548 1373 1600 loco

328 1642 507 1712 quovis
534 1642 589 1694 N
609 1643 674 1695 sit
693 1642 760 1694 ad
778 1642 940 1711 ipsius
959 1651 1160 1694 motum
1175 1641 1373 1693 medio-

328 1749 470 1782 crem
494 1731 549 1782 in
575 1731 900 1801 quadraturis
929 1732 1051 1795 suis,
1079 1741 1137 1782 ut
1163 1731 1214 1782 A
1243 1732 1285 1783 Z
1313 1750 1346 1801 q
1371 1731 1438 1782 ad
1464 1732 1516 1783 A
1534 1732 1585 1784 T
1611 1751 1672 1802 q:
1701 1732 1799 1784 erit
1822 1740 1993 1784 motus
2024 1730 2159 1783 Solis
2186 1731 2253 1781 ad
2276 1739 2478 1781 motum

325 1819 454 1870 nodi
478 1819 530 1869 in
559 1820 628 1883 N,
657 1830 715 1871 ut
743 1828 845 1872 360
874 1820 925 1872 A
946 1820 998 1871 Τ
1019 1839 1053 1890 q
1078 1819 1144 1871 ad
1173 1827 1400 1884 39,6355
1431 1821 1482 1872 A
1511 1821 1553 1872 Z
1580 1840 1641 1891 q;
1680 1821 1735 1871 id
1762 1830 1852 1884 est,
1881 1831 1939 1872 ut
1967 1826 2269 1883 9‚0827646
2299 1820 2350 1871 A
2373 1819 2424 1870 T
2444 1838 2479 1888 q

327 1910 396 1961 ad
437 1911 488 1961 A
518 1911 560 1961 Z
587 1929 636 1980 q.
716 1910 875 1963 Unde
915 1911 958 1962 si
1001 1911 1180 1962 circuli
1216 1912 1372 1963 totius
1411 1894 1823 1963 circumferentia
1868 1911 1939 1963 Ns
1966 1912 2017 1962 A
2060 1930 2097 1962 n
2138 1911 2398 1962 dividatur
2424 1911 2478 1960 in

326 2002 606 2070 particulas
647 2003 872 2072 aequales
918 2005 970 2054 A
1013 2022 1059 2066 a,
1103 2011 1307 2071 tempus
1347 2021 1450 2073 quo
1479 2003 1570 2056 Sol
1606 2013 1879 2072 percurrat
1902 2001 2211 2071 particulam
2254 2002 2307 2053 A
2346 2021 2391 2064 a,
2436 2001 2480 2052 si

329 2090 551 2142 circulus
580 2091 881 2160 quiesceret,
925 2091 1022 2143 erit
1059 2090 1126 2142 ad
1163 2100 1368 2159 tempus
1395 2110 1500 2161 quo
1523 2091 1780 2161 percurrit
1818 2090 2035 2142 eandem
2070 2090 2394 2159 particulam,
2436 2090 2481 2142 si

329 2181 550 2232 circulus
570 2181 673 2233 una
695 2200 813 2233 cum
833 2182 984 2234 nodis
1006 2182 1141 2233 circa
1162 2192 1397 2234 centrum
1415 2184 1467 2235 T
1482 2184 1789 2247 revolvatur,
1812 2181 2075 2253 reciproce
2095 2192 2153 2234 ut
2174 2189 2369 2246 9,0827
2375 2189 2477 2235 646

343 2270 559 2340 ><ATq
576 2271 642 2322 ad
665 2278 969 2333 9,0827646
1011 2273 1062 2324 A
1090 2272 1141 2324 T
1167 2292 1201 2343 q
1234 2284 1286 2337 -Ι-
1323 2274 1374 2326 Α
1403 2274 1445 2326 Ζ
1472 2294 1523 2345 q.
1599 2274 1736 2325 Nam
1762 2283 1964 2344 tempus
2004 2285 2082 2326 est
2119 2272 2384 2342 reciproce
2422 2282 2481 2324 ut

328 2362 573 2413 velocitas
594 2361 693 2431 qua
713 2362 967 2430 particula
981 2364 1318 2431 percurritur,
1348 2373 1399 2415 et
1423 2363 1537 2415 haec
1557 2364 1798 2416 velocitas
1826 2374 1902 2416 est
1927 2383 2131 2416 summa
2149 2363 2479 2416 velocitatum

335 2451 468 2503 Solis
512 2465 563 2502 et
601 2451 743 2502 nodi.
836 2450 1005 2522 Igitur
1043 2452 1083 2503 si
1126 2463 1348 2522 tempus,
1390 2473 1493 2523 quo
1535 2453 1625 2506 Sol
1662 2454 1770 2505 sine
1807 2463 1953 2505 motu
1990 2454 2116 2505 nodi
2152 2462 2480 2522 percurreret

330 2561 509 2593 arcum
549 2542 603 2594 N
629 2544 696 2606 A,
739 2553 1030 2612 exponatur
1056 2562 1150 2612 per
1176 2554 1428 2595 sectorem
1467 2543 1521 2595 N
1548 2544 1599 2596 T
1626 2544 1693 2608 A,
1718 2534 1786 2596 vet
1809 2544 2065 2614 particula
2089 2543 2337 2612 temporis
2375 2529 2479 2614 quo

331 2643 660 2702 percurreret
685 2651 863 2685 arcum
889 2632 1045 2703 quam
1069 2633 1344 2684 minimum
1382 2635 1432 2685 A
1458 2653 1504 2697 a,
1543 2645 1871 2702 exponantur
1894 2653 1990 2703 per
2015 2634 2227 2685 sectoris
2252 2633 2479 2701 particu—

331 2724 437 2775 lam
463 2725 515 2774 A
536 2724 588 2775 T
613 2742 671 2785 a3
699 2732 750 2774 et
777 2722 1171 2792 (perpendiculo
1197 2743 1227 2774 a
1252 2723 1304 2774 Y
1327 2723 1382 2773 in
1409 2723 1463 2774 N
1482 2741 1518 2773 n
1543 2723 1787 2788 demisso)
1818 2723 1861 2773 si
1884 2723 1939 2772 in
1966 2722 2016 2773 A
2040 2723 2082 2773 Z
2103 2722 2334 2789 capiatur
2359 2721 2394 2772 d
2417 2722 2475 2785 Ζ,

336 2816 445 2884 ejus
471 2814 809 2884 longitudinis
839 2814 902 2882 (P)
930 2824 989 2864 ut
1014 2813 1079 2865 sit
1103 2814 1462 2885 rectangulum
1487 2813 1522 2864 d
1549 2813 1592 2864 Z
1616 2813 1671 2864 in
1698 2812 1740 2863 Z
1766 2812 1819 2864 Y
1843 2812 1910 2864 ad
1937 2812 2146 2863 sectoris
2172 2812 2478 2880 particulam

337 2906 522 2960 ATa
564 2913 623 2956 ut
667 2904 849 2975 AZq
888 2902 1822 2974 ad9‚0827646ATq÷AZq‚
1866 2901 2039 2965 idest,
2085 2901 2235 2954 utsit
2271 2901 2376 2953 dZ
2412 2903 2478 2957 ad

393 3123 449 3176 (⁰)
485 3126 505 3148 ‘³¹‘
545 3122 645 3164 Cam
663 3125 735 3168 Sol,
757 3123 827 3161 &a
886 3121 1083 3161 velocitas
1115 3121 1215 3161 Solis
1247 3129 1304 3160 est
1335 3121 1385 3160 ad

337 3177 578 3215 velocitatem
607 3176 700 3215 nodi
719 3175 811 3214 curn
829 3176 922 3214 nodi
941 3183 1032 3213 sunt
1057 3176 1100 3212 in
1127 3175 1381 3227 quadraturis,

338 3240 385 3268 ut
402 3230 510 3269 560⁶.
534 3243 622 3280 quae
641 3238 699 3268 est
717 3230 778 3267 via
800 3229 899 3268 Solis
917 3236 998 3267 toto
1017 3241 1119 3267 anno
1137 3229 1187 3267 ad
1207 3234 1270 3269 39.
1304 3228 1378 3267 38'.

339 3284 397 3323 7''.
429 3283 522 3323 50⁰¹.
556 3296 624 3320 seu
652 3286 840 3322 59·6555.
872 3282 1016 3333 gradus
1033 3295 1130 3332 quos
1157 3282 1283 3320 nodus
1301 3290 1383 3325 toto

339 3350 443 3375 anno
462 3336 678 3381 conficeret,
699 3336 730 3373 si
748 3343 830 3374 toto
848 3348 951 3373 anno
970 3333 1141 3374 maxima
1160 3334 1232 3373 sua.
1250 3335 1381 3374 celeri-

339 3398 417 3429 tate
436 3397 677 3434 moveretur3
699 3389 878 3428 velocitas
892 3389 997 3434 nodi,
1019 3389 1110 3427 cum
1125 3389 1218 3427 nodi
1236 3396 1327 3427 sunt
1345 3389 1386 3426 in

338 3443 591 3494 quadraturis,
624 3450 681 3481 est
709 3442 760 3481 ad
786 3443 878 3481 nodi
906 3442 1147 3480 velocitatem
1176 3441 1266 3480 cum
1294 3442 1387 3480 nodi

340 3498 483 3534 distant
501 3510 525 3533 a
545 3496 633 3534 Sole
652 3509 743 3534 arcu
766 3497 804 3534 A
822 3497 863 3534 N
881 3502 927 3534 ut
949 3496 986 3533 A
1006 3496 1042 3534 T
1059 3509 1083 3546 q
1102 3495 1152 3533 ad
1174 3496 1212 3533 A
1230 3497 1261 3533 Z
1276 3509 1301 3547 q
1318 3508 1387 3545 per

343 3550 461 3598 Prop.
481 3549 643 3599 praeced.
668 3562 761 3600 ergo
779 3562 826 3587 ex
847 3562 959 3599 aequo
977 3556 1016 3587 et
1034 3550 1254 3597 compositis
1271 3550 1386 3588 ratio·

340 3603 465 3646 nibus,
485 3603 663 3641 velocitas
678 3603 777 3641 Solis
792 3611 848 3641 est
865 3602 916 3641 ad
935 3602 1172 3641 velocitatem
1187 3602 1279 3641 nodi
1294 3601 1387 3640 cum

341 3655 433 3693 nodi
452 3655 597 3694 distant
615 3670 638 3694 a
660 3656 749 3694 Sole
767 3669 858 3694 arcu
882 3656 920 3694 A
943 3656 985 3694 N
1012 3663 1058 3694 ut
1073 3661 1154 3695 560
1176 3657 1214 3694 A
1238 3657 1274 3695 T
1291 3669 1316 3707 q
1338 3654 1388 3694 ad

343 3713 516 3748 39.6355
558 3710 596 3746 A
630 3710 661 3746 Z
691 3722 739 3759 q;
777 3709 819 3747 id
855 3718 923 3753 est,
962 3708 1169 3748 dividendo
1204 3713 1284 3749 360
1320 3721 1389 3758 per

341 3766 514 3801 59.6555
542 3769 587 3800 ut
616 3767 841 3802 9.0827667
867 3762 904 3801 A
927 3763 964 3801 T
982 3775 1007 3812 q
1033 3762 1081 3800 ad
1104 3763 1140 3800 A
1166 3763 1197 3800 Z
1216 3776 1251 3814 q.
1312 3762 1387 3801 Sed

342 3814 550 3852 dividendo
580 3820 659 3854 360
690 3828 757 3864 per
787 3816 888 3855 393‘.
924 3815 999 3853 38'.
1039 3814 1095 3854 7''.
1134 3815 1228 3855 50¹⁰.
1264 3815 1391 3865 prodit

342 3879 530 3959 pumegus
549 3872 776 3909 9.0827646
795 3868 881 3908 loco
894 3868 1056 3921 hujusce
1072 3873 1211 3910 9.0827
1216 3872 1292 3909 667
1311 3868 1389 3911 col.

360 3933 452 3959 ocan
484 3933 541 3959 us-

1492 3120 1550 3174 (Ρ)
1582 3125 1604 3146 *
1635 3124 1686 3161 Ut
1704 3124 1751 3161 sit
1767 3125 2037 3174 rectangulum
2065 3125 2092 3161 d
2112 3126 2147 3162 Z
2162 3124 2204 3161 in
2226 3125 2261 3161 Z
2284 3124 2322 3161 Y
2334 3125 2384 3161 ad
2402 3136 2479 3161 sec-

1437 3177 1526 3214 toris
1535 3177 1772 3225 particulam
1787 3178 1827 3214 A
1846 3179 1928 3215 Ta.
1973 3175 2136 3214 Sectoris
2147 3175 2334 3224 particula
2350 3177 2388 3213 A
2408 3175 2444 3213 T
2457 3188 2481 3213 a

1436 3236 1494 3267 est
1520 3241 1669 3277 semper
1696 3229 1854 3278 aequalis
1881 3229 2042 3268 dimidio
2069 3228 2282 3280 rectanguli
2314 3229 2352 3266 A
2375 3229 2412 3267 T
2438 3228 2480 3265 in

1440 3283 1534 3327 Aa,
1556 3281 1770 3321 estveroZ
1793 3282 1897 3321 Yad
1920 3283 1955 3323 A
1977 3289 2063 3322 aut
2086 3283 2123 3322 A
2146 3282 2306 3322 ZadA
2329 3282 2375 3330 T,
2405 3281 2480 3321 du-

1438 3342 1574 3375 cantur
1592 3336 1859 3376 antecedentes
1890 3338 1932 3375 in
1960 3338 1986 3375 d
2018 3338 2049 3375 Z
2080 3345 2118 3376 et
2147 3344 2422 3386 consequentes
2438 3336 2481 3372 in

1439 3389 1468 3440 ᾗ
1489 3393 1528 3428 A
1550 3391 1586 3429 T
1613 3390 1684 3428 erit
1701 3391 1973 3441 rectangulum
2000 3390 2025 3428 d
2046 3392 2077 3428 Z
2097 3391 2138 3428 in
2160 3392 2191 3428 Z
2214 3392 2250 3428 Y
2269 3391 2319 3428 ad
2336 3390 2363 3441 ὲ
2385 3390 2423 3427 Α
2446 3389 2482 3427 Τ

1443 3448 1487 3490 ><
1512 3445 1547 3481 A
1570 3457 1593 3481 a
1611 3444 1687 3481 sive
1706 3444 1755 3482 ad
1774 3445 1929 3482 sectoris
1946 3444 2173 3493 particulam
2196 3445 2235 3482 A
2251 3446 2286 3482 T
2304 3458 2327 3482 a
2345 3451 2390 3481 ut
2407 3442 2433 3480 d
2450 3443 2482 3479 Z

1440 3497 1484 3534 in
1518 3497 1612 3535 AZ
1643 3496 1694 3535 ad
1724 3497 1914 3548 {ATq
1941 3499 2082 3536 siveut
2109 3497 2406 3536 dzineAz
2434 3495 2486 3533 ad

1447 3552 1485 3588 A
1508 3551 1545 3588 T
1562 3563 1599 3601 q,
1621 3550 1688 3589 sed
1706 3551 1873 3589 sumitur
1891 3564 1972 3589 esse
1990 3551 2016 3589 d
2037 3552 2068 3589 Z
2087 3551 2130 3589 in
2150 3552 2181 3589 Z
2204 3552 2241 3590 Y
2267 3550 2316 3589 ad
2346 3552 2385 3587 A
2408 3549 2444 3587 T
2462 3561 2486 3586 a

1443 3611 1489 3642 ut
1511 3604 1549 3641 A
1573 3605 1604 3642 Z
1622 3616 1647 3654 q
1673 3604 1723 3642 ad
1744 3608 1969 3644 9.0827646
1992 3605 2031 3642 A
2054 3606 2133 3655 Tq
2152 3605 2205 3656 -Ι-
2231 3605 2268 3642 Α
2291 3605 2322 3641 Ζ
2341 3616 2366 3652 q
2393 3615 2485 3653 ergo

1443 3655 1761 3695 etiadein2
1785 3658 2020 3697 Azestad
2044 3659 2181 3708 ATq
2207 3665 2253 3695 ut
2282 3659 2317 3694 A
2342 3654 2486 3705 and

1446 3715 1671 3750 9.0827646
1695 3711 1733 3749 A
1757 3712 1793 3749 T
1810 3724 1836 3762 q
1856 3712 1909 3764 -Ι-
1935 3712 1973 3750 A
1996 3712 2028 3750 Z
2047 3725 2072 3762 q
2090 3718 2128 3748 et
2146 3710 2310 3747 vicissim
2339 3710 2363 3747 d
2387 3710 2417 3746 Z
2444 3709 2486 3745 in

1444 3769 1469 3801 2
1494 3765 1528 3801 A
1554 3764 1584 3801 Ζ
1614 3772 1670 3802 est
1699 3764 1748 3802 ad
1780 3767 1818 3802 A
1840 3766 1872 3803 Z
1891 3777 1915 3815 q
1941 3772 1988 3803 ut
2008 3761 2194 3811 ATqad
2208 3766 2480 3807 9.08‘27646><

1448 3817 1487 3855 A
1511 3817 1547 3854 T
1572 3830 1598 3867 q
1631 3818 1684 3870 -1-
1724 3819 1761 3856 A
1794 3819 1824 3855 Z
1852 3831 1877 3868 q
1909 3825 1947 3856 et
1981 3817 2186 3855 dividendo
2216 3817 2314 3855 duos
2345 3818 2489 3864 priores

1445 3870 1628 3908 terminos
1645 3883 1713 3919 per
1732 3875 1756 3908 2
1779 3872 1817 3909 A
1839 3872 1871 3908 Z
1891 3870 1992 3909 estd
2012 3871 2044 3908 Z
2063 3870 2111 3907 ad
2131 3870 2159 3921 ἦ
2183 3871 2270 3909 AZ
2293 3877 2335 3908 ut
2357 3869 2489 3920 ATq

1445 3923 1495 3962 ad
1514 3927 1739 3964 9.0827646
1762 3924 1800 3962 A
1823 3924 1860 3964 T
1876 3936 1902 3975 q
1920 3924 1973 3977 -Ι-
1995 3923 2032 3962 A
2056 3923 2087 3961 Z
2106 3935 2143 3973 q.
