2540 4296
276 315 343 360 58
775 298 1340 353 PHILOSOPHIAE
1378 297 1833 351 NATURALIS
1871 298 1989 361 [DE
2020 297 2222 349 MUND.
2254 297 2407 352 Svs'r.

263 444 608 499 inclinationis
634 444 848 495 variatio
873 453 1108 511 tempore
1134 441 1325 493 mensis
1352 440 1487 491 illius
1513 440 1647 492 foret
1673 440 1740 491 ad
1768 439 1883 492 33²¹.
1913 440 2041 490 lom.
2071 438 2206 501 33¹⁹„
2249 439 2312 507 (P)
2353 447 2412 490 ut

264 545 603 608 aggregatum
623 533 854 584 omnium
875 550 1113 582 arearum
1133 532 1193 582 H
1211 550 1247 600 p
1269 530 1334 582 M
1353 530 1406 593 h,
1429 530 1483 580 in
1502 529 1821 581 revolutione
1840 528 2020 597 puncti
2039 547 2075 597 p
2095 529 2405 599 genitarum,

265 638 318 680 et
355 626 450 678 sub
488 625 647 695 signis
684 623 907 693 propriis
939 632 993 686 -ι-
1028 632 1078 675 et
1102 655 1175 664 —
1199 624 1608 693 conjunctarum,
1638 622 1852 674 ductum
1889 622 1945 672 in
1983 621 2035 673 A
2061 620 2104 671 Z
2134 634 2176 677 ><
2208 621 2260 673 T
2287 621 2329 672 Z
2360 633 2402 675 ><

254 2309 380 2446 Q
405 2339 473 2391 ad
501 2338 566 2391 M
590 2357 626 2408 p
657 2352 698 2395 ><
734 2338 781 2391 A
811 2337 862 2390 T
887 2336 1004 2388 cub.
1046 2336 1110 2405 (q)
1138 2335 1193 2387 id
1219 2344 1311 2399 est,
1352 2344 1411 2388 ut
1437 2336 1659 2388 circulus
1683 2346 1822 2390 totus
1849 2336 1905 2399 Q
1931 2338 1982 2390 A
2009 2358 2043 2410 q
2067 2358 2098 2391 a
2136 2339 2320 2392 ductus
2346 2341 2402 2393 in

256 2500 307 2550 A
335 2499 378 2550 Z
409 2513 450 2556 ><
482 2497 534 2550 T
556 2497 597 2549 Z
628 2509 670 2553 ><
704 2462 825 2603 liz-{³}
861 2495 929 2547 ad
957 2495 1023 2548 M
1047 2513 1082 2565 p
1113 2507 1156 2552 ><
1187 2495 1239 2548 A
1266 2497 1319 2549 T
1343 2495 1459 2548 cub.
1508 2497 1567 2565 (Υ)
1607 2465 1710 2548 hoc
1750 2507 1842 2562 est,
1888 2507 1945 2550 ut
1989 2498 2403 2553 circumferentia

256 2622 2095 2762 QAqaductainAZxTZxIP—grad2MprTquad.

307 2853 364 2906 (Ρ)
401 2856 422 2879 ”
454 2856 505 2893 Ut
524 2859 771 2904 aggregatum
789 2853 963 2891 omnium
982 2864 1160 2890 arearum
1195 2852 1245 2888 H
1265 2864 1295 2900 p
1406 2850 1544 2900 Itaque
1569 2863 1704 2888 omnes
1722 2863 1820 2889 areae
1850 2851 1895 2889 H
1914 2864 1940 2900 p
1961 2852 2008 2889 M
2028 2852 2054 2888 h
2083 2853 2155 2890 sub
2173 2852 2294 2903 signis
2313 2866 2401 2901 pro-

253 2910 303 2946 M
331 2911 355 2945 Ιι
387 2910 454 2946 sub
487 2910 602 2957 signis
627 2908 793 2957 propriis
825 2906 1125 2956 conjunctarum
1154 2903 1298 2940 scilicet
1351 2903 1443 2952 priis
1458 2904 1676 2954 conjunctae
1691 2904 1863 2942 efficiunt
1877 2905 2068 2943 circulum
2083 2912 2208 2943 totum
2223 2907 2264 2950 Q
2274 2907 2311 2943 A
2324 2920 2349 2957 q
2361 2920 2395 2944 a.

251 2968 366 3010 prout
384 2961 487 2998 linea
508 2961 555 2998 M
578 2961 621 2997 H
642 2962 808 2998 sumitur
826 2959 868 2996 in
887 2958 1063 2996 eamdem
1081 2964 1229 3005 partem
1254 2968 1301 2993 ac
1412 2957 1608 2994 Caeterum
1639 2958 1921 2996 observandum
1953 2958 2204 2996 variationem
2239 2960 2401 3007 inclina-

252 3015 355 3052 linea
376 3015 424 3052 M
442 3014 484 3052 K
504 3013 631 3052 autin
650 3022 798 3062 partem
813 3012 1048 3061 oppositam3
1068 3010 1195 3060 priore
1209 3021 1301 3048 casu
1354 3008 1471 3048 tionis
1507 3022 1588 3049 esse
1619 3010 1824 3061 positivam
1859 3018 1929 3050 aut
1964 3013 2198 3064 negativam,
2234 3013 2309 3051 hoc
2345 3020 2403 3051 est

252 3081 339 3105 area
369 3068 412 3105 H
433 3080 459 3116 p
481 3069 525 3105 M
546 3069 572 3104 h
600 3068 712 3117 signo
731 3065 957 3104 affirmativo
976 3071 1035 3102 est

251 3120 466 3166 afficienda,
487 3120 696 3169 posteriore
716 3118 906 3170 negativo.

306 3174 362 3226 (q)
402 3177 423 3199 ⁵*
457 3178 507 3213 Id
542 3181 608 3220 est,
645 3182 689 3213 ut
725 3175 893 3212 circulus
930 3177 1031 3211 totus

256 3230 288 3271 Q
307 3230 346 3266 A
364 3243 387 3278 q
406 3243 443 3273 a,
473 3228 543 3264 &c.
605 3227 750 3277 Liquet
768 3239 813 3263 ex
833 3224 916 3275 ipsa
934 3237 1027 3263 con-

248 3281 469 3326 structione,
511 3280 614 3331 quod
646 3280 743 3318 dum
774 3287 966 3328 punctum
1002 3291 1029 3327 p

247 3342 427 3372 movetur
463 3335 511 3371 ab
552 3334 585 3371 F
621 3346 745 3383 usque
774 3332 824 3370 ad
855 3346 893 3383 q,
930 3343 1030 3370 areae

250 3388 295 3426 H
317 3401 343 3436 p
367 3388 413 3425 M
437 3388 482 3426 H
510 3388 753 3426 constituunt
778 3399 907 3424 aream
926 3384 1029 3434 posi-

245 3441 365 3478 tivam
393 3442 427 3479 F
450 3440 708 3491 AnqrfT
730 3440 775 3486 F,
804 3439 899 3477 dum
927 3452 974 3477 ex
1002 3452 1029 3490 q

246 3495 297 3532 ad
315 3494 337 3531 f
350 3494 530 3543 procedit,
548 3507 646 3532 areae
665 3494 707 3532 H
728 3507 754 3543 p
776 3494 822 3531 M
843 3494 867 3530 h
887 3492 1028 3531 consti-

246 3556 365 3585 tuunt
376 3561 504 3586 aream
518 3547 737 3598 negativam
755 3560 780 3597 q
792 3559 811 3583 r
824 3547 852 3590 f,
872 3559 960 3596 quae
979 3558 1029 3584 ex

243 3600 364 3649 priori
382 3601 552 3640 detracta
578 3600 761 3652 relinquit
787 3600 1029 3638 semi-circu-

245 3654 333 3692 lum
357 3655 388 3692 F
407 3667 433 3691 n
453 3654 481 3691 f.

303 3706 423 3750 Quod
441 3706 538 3744 dum
553 3715 743 3756 punctum
758 3721 784 3758 p
798 3705 971 3757 procedit
984 3718 1032 3744 ex
1770 3750 1772 3752 v
2250 3754 2253 3755 ⁷

242 3759 266 3797 f
277 3759 327 3797 ad
349 3761 399 3805 Q.
422 3774 520 3797 areae
544 3762 585 3798 H
608 3774 632 3809 p
656 3762 700 3797 M
721 3762 747 3798 h
766 3762 942 3799 efficiunt
952 3772 1080 3798 aream
1092 3759 1294 3808 positivam
1349 3772 1517 3799 crescere
1544 3767 1613 3800 aut
1631 3760 1849 3799 deterescere
1876 3758 2091 3798 secundum
2116 3757 2227 3809 signa
2244 3756 2400 3808 quanti-

243 3813 303 3851 fa
323 3814 364 3851 N
387 3813 428 3857 Q
450 3815 488 3851 R
511 3815 544 3852 F
566 3814 602 3851 T
621 3814 641 3850 f
663 3821 702 3850 et
723 3814 820 3851 dum
839 3827 886 3852 ex
919 3815 961 3858 Q
985 3813 1034 3851 ad
1056 3814 1089 3851 F
1108 3813 1295 3862 procedit,
1349 3814 1439 3852 tatis
1461 3818 1500 3852 A
1522 3815 1553 3853 Z
1576 3819 1619 3862 ><
1645 3814 1681 3853 Τ
1702 3815 1734 3852 Ζ
1762 3813 1811 3853 de
1838 3813 1981 3866 quibus
2006 3811 2048 3849 in
2070 3811 2199 3851 Corol.
2222 3810 2400 3861 proximo

245 3866 421 3904 efficiunt
439 3879 568 3905 aream
587 3868 807 3918 negativam
831 3868 871 3913 Q
893 3868 931 3905 R.
954 3867 986 3905 F
1005 3878 1093 3916 quae
1113 3879 1160 3904 ex
1178 3866 1298 3918 priori
1352 3866 1540 3906 dicemus.

242 3919 415 3958 detracta
433 3919 617 3971 relinquit
634 3920 942 3959 semi—circulum
959 3920 982 3958 f
998 3919 1037 3958 N
1064 3920 1106 3958 F.
1406 3920 1461 3972 (¹)
1483 3924 1505 3944 '⁶
1532 3924 1584 3962 Ut
1602 3922 1772 3961 circulus
1790 3927 1890 3960 totus
1914 3921 1946 3963 Q
1961 3919 1997 3958 A
2015 3934 2038 3971 q
2056 3933 2080 3957 a
2100 3921 2239 3958 ductus
2254 3920 2295 3957 in
2311 3917 2349 3955 A
2366 3918 2401 3955 Z

282 4119 285 4142 Ἰ
