2540 4296
285 271 333 319 vi
553 267 1108 319 INTRODUCTIO
1147 268 1254 319 AD
1297 270 1533 322 LUNAE
1572 270 2018 333 THEORIAM,
2057 273 2153 324 &c-

334 407 555 460 'Eadem
591 409 804 470 ratione,
843 408 1149 459 variationes
1185 419 1356 459 motus
1394 410 1594 480 apogaei
1631 419 1682 460 et
1717 420 1888 460 motus
1926 408 2188 459 nodorum
2225 424 2292 457 ex
2325 405 2427 459 situ

282 498 486 550 diverso
509 499 691 550 Terrae
717 498 783 548 ad
808 497 1072 566 aphelium
1097 509 1186 549 aut
1202 499 1511 566 perihelium
1531 517 1683 550 suum
1709 517 1776 549 ex
1801 498 2070 566 utriusque
2088 508 2235 547 motu
2252 495 2426 547 medio

281 587 404 638 dato
430 588 484 638 in
509 586 737 638 secundo
760 586 1092 655 paragrapho
1118 586 1351 637 derivare
1377 587 1608 638 docetur.

356 677 459 727 His
500 694 566 726 ex
603 675 987 726 excentricitate
1012 675 1195 725 orbitae
1221 676 1447 727 Telluris
1472 676 1706 727 deductis
1744 675 2056 746 adjungatur
2082 673 2427 725 consideratio

283 766 681 818 excentricitatis
720 766 905 817 orbitae
941 767 1154 830 lunaris,
1194 777 1283 819 aut
1320 768 1428 836 ejus
1464 768 1810 820 inclinationis
1848 768 1914 819 ad
1951 767 2267 836 eclipticam:
2305 765 2424 817 inde

282 878 431 910 novae
457 858 859 928 irregularitates
884 859 1146 927 prioribus
1172 859 1539 912 adnascuntur.

358 946 554 1010 Primo,
577 948 767 999 mensis
786 947 1079 1016 periodicus
1096 949 1254 1017 paulo
1279 950 1446 1017 major
1472 949 1531 1000 fit
1556 948 1676 1001 cum
1700 949 1837 1000 linea
1866 940 2107 1018 apsidum
2131 967 2226 1017 per
2255 950 2429 1001 Solem

284 1036 469 1087 transit
493 1033 649 1105 quam
685 1034 806 1087 cum
831 1037 931 1105 ipsi
956 1046 1033 1088 est
1054 1038 1514 1107 perpendicularis,
1553 1039 1677 1091 hinc
1713 1040 1965 1091 correctio
1992 1058 2127 1090 nova
2151 1040 2431 1108 aequationi

282 1134 453 1175 motus
487 1123 661 1186 medii,
707 1142 824 1193 quae
863 1124 918 1174 in
956 1125 1126 1193 primo
1166 1126 1360 1178 Scholii
1395 1127 1723 1198 paragrapho
1758 1128 2053 1196 exponitur,
2081 1137 2158 1178 est
2179 1123 2428 1190 facienda,

282 1218 417 1270 hanc
442 1237 631 1270 novam
655 1219 1001 1288 aequationem
1036 1218 1108 1270 ill.
1141 1219 1386 1271 Cassinus
1415 1221 1624 1272 exhibet
1660 1221 1715 1271 in
1751 1221 1940 1272 tabella
1968 1222 2113 1289 cujus
2138 1220 2317 1271 titulus
2356 1227 2434 1269 est

282 1311 509 1362 Secunda
537 1311 790 1378 AEquatz‘o
814 1309 1008 1363 Solaris
1032 1319 1083 1361 et
1106 1311 1259 1361 tertio
1283 1312 1612 1381 paragrapho
1640 1312 1835 1364 Scholii
1859 1312 2096 1363 traditur.

234 1392 237 1393 ⁷
357 1398 545 1450 Itidem
573 1398 615 1449 si
639 1398 777 1449 linea
792 1398 1053 1450 nodorum
1069 1417 1165 1467 per
1186 1399 1360 1451 Solem
1375 1409 1616 1463 transeat,
1636 1401 1793 1469 paulo
1809 1402 1974 1469 major
1999 1400 2096 1450 erit
2119 1399 2253 1451 Solis
2281 1396 2431 1459 actio,

284 1499 335 1540 et
372 1488 624 1539 correctio
650 1506 789 1539 nova
814 1487 1003 1539 exinde
1026 1497 1267 1540 nascetur
1300 1489 1468 1539 eidem
1493 1490 1658 1541 motui
1682 1489 1872 1552 medio,
1913 1488 2049 1539 hanc
2074 1497 2259 1557 quarto
2283 1504 2434 1555 para-

282 1579 488 1653 grapho
517 1578 713 1631 Scholii
737 1578 933 1630 indicat
959 1578 1260 1631 Newtonus,

359 1670 620 1722 Praeterea
670 1668 1030 1720 excentricitas
1079 1669 1194 1737 ipsa
1243 1668 1427 1720 orbitae
1475 1668 1670 1719 lunaris
1720 1685 1788 1718 ex
1836 1666 2042 1717 diverso
2087 1664 2188 1714 situ
2234 1662 2435 1732 apogaei

283 1770 524 1828 respectu
553 1759 687 1811 Solis
712 1767 959 1820 mutatur,
998 1776 1138 1808 nunc
1163 1759 1329 1827 major
1351 1775 1492 1808 nunc
1516 1757 1687 1808 minor
1713 1754 1900 1817 evadit,
1940 1754 2097 1823 idque
2124 1752 2278 1803 etiam
2312 1751 2437 1801 inae-

283 1849 510 1920 qualiter
534 1867 633 1917 pro
659 1848 901 1899 distantia
930 1847 1159 1899 Telluris
1187 1867 1218 1899 a
1247 1848 1383 1900 Sole.

359 1939 563 1990 Rursus
600 1938 712 2007 ipse
748 1947 920 1989 motus
959 1938 1162 2009 apogaei
1186 1947 1345 2006 prout
1370 1955 1645 2008 apogaeum
1670 1934 2015 1988 diversimode
2052 1935 2207 1986 situm
2245 1943 2321 1985 est
2358 1951 2438 1982 re-

286 2037 466 2097 spectu
496 2026 629 2079 Solis
655 2036 901 2089 mutatur,
941 2026 1064 2077 hinc
1088 2026 1311 2096 aequatio
1335 2025 1539 2096 apogaei
1565 2024 1793 2075 nascitur
1830 2042 1992 2093 eaque
2019 2022 2229 2091 duplex,
2270 2021 2441 2089 prima

287 2114 633 2185 supponendo
662 2114 890 2166 Telluris
917 2134 948 2165 a
978 2115 1099 2166 Sole
1124 2114 1422 2165 distantiam
1449 2121 1787 2176 constantem,
1820 2112 1981 2163 altera
2005 2109 2130 2163 vero
2154 2110 2349 2178 pendet
2375 2127 2439 2160 ex

286 2203 573 2255 mutatione
599 2202 890 2254 distationae
918 2202 1146 2253 Telluris
1173 2221 1203 2253 a
1232 2202 1367 2254 Sole.

362 2293 509 2344 Hinc
533 2292 745 2344 tandem
772 2289 892 2342 cum
928 2292 1112 2343 orbitoe
1146 2292 1341 2343 lunaris
1362 2291 1546 2355 forma,
1574 2290 1932 2343 excentricitas
1957 2298 2009 2341 et
2031 2288 2234 2358 apogaei
2251 2287 2441 2356 positio

287 2392 535 2446 mutetur,
577 2380 792 2433 omnino
818 2390 1086 2432 mutantur
1111 2381 1586 2448 correctionesuillae
1602 2399 1728 2452 „quae
1764 2379 2155 2433 deducebantur
2179 2397 2245 2429 ex
2271 2377 2440 2429 Lunae

289 2474 677 2526 excentricitate
702 2473 969 2536 mediocri,
1011 2491 1128 2542 quae
1166 2474 1515 2543 aequationem
1553 2473 1773 2525 solutam
1811 2471 2219 2532 constituebant3
2257 2470 2440 2521 ultimo

288 2573 463 2615 autem
493 2560 690 2615 Scholii
713 2561 1044 2632 paragrapho
1073 2563 1359 2613 Newtonus
1397 2563 1550 2615 docet
1574 2562 1675 2633 qua
1701 2562 1900 2614 ratione
1935 2578 2083 2612 novae
2108 2560 2211 2610 illae
2239 2578 2439 2610 correc-

289 2653 456 2705 tiones
495 2652 596 2704 sint
633 2652 996 2703 instituendae:
1037 2653 1211 2703 omnia
1237 2651 1361 2704 vero
1400 2653 1454 2703 in
1488 2652 1589 2704 hoc
1620 2653 1829 2705 Scholio
1868 2653 1977 2704 sine
2002 2649 2439 2702 demonstratione

290 2744 466 2806 tradit,
495 2762 590 2794 nec
615 2742 844 2793 indicato
870 2760 1084 2793 suorum
1109 2742 1426 2794 calculorum
1451 2742 1686 2804 artificio,
1715 2741 1935 2810 ideoque
1959 2739 2123 2790 nostri
2147 2739 2438 2807 putavimus

293 2831 464 2894 officii,
497 2849 613 2882 eam
631 2830 880 2901 indagare
897 2830 1035 2881 viam
1060 2830 1144 2880 cui
1170 2830 1454 2882 Newtonus
1480 2830 1535 2880 in
1560 2830 1622 2880 iis
1646 2828 1962 2898 reperiendis
1981 2829 2216 2879 insistere
2242 2826 2435 2890 debuit,

291 2919 471 2971 labore
496 2919 706 2989 quidem
743 2937 852 2970 non
888 2937 1066 2988 parVO,
1108 2938 1345 2971 successu
1372 2918 1746 2989 qualicumque,
1786 2918 1978 2970 utinam
2018 2916 2294 2970 lectoribus
2330 2932 2438 2968 non

295 3019 514 3080 migrato.
