2540 4296
80 307 266 359 LIBER
284 306 580 370 Traximus]
639 302 1041 356 PRINCIPIA
1082 301 1699 354 MATHEMATICA.
2120 308 2219 352 133

76 453 365 515 viciniores,
407 450 495 520 qui
528 451 583 501 in
613 449 693 501 his
718 447 951 518 partibus
978 456 1335 507 versarentur3
1376 455 1428 497 et
1456 446 1547 498 Sol
1570 442 1901 514 interpositus
1928 442 2228 497 obscuraret

78 552 306 592 caeteros.
360 538 559 591 Verum
579 537 930 608 percurrendo
954 536 1193 587 historias
1214 544 1548 598 cometarum,
1573 536 1740 603 reperi
1767 534 1907 605 quod
1928 534 2222 604 quadruplo

76 630 158 680 vel
195 629 466 698 quintuplo
503 628 676 696 plures
703 626 890 677 detecti
916 636 1035 676 sunt
1068 625 1121 675 in
1145 623 1515 692 hemisphaerio
1545 625 1720 676 Solem
1746 643 1938 688 versus,
1979 622 2133 694 quam
2169 624 2224 674 in

76 718 442 786 hemisphaerio
482 716 735 786 opposito,
774 724 966 782 praeter
1003 714 1129 765 alios
1173 712 1518 782 proculdubio
1561 732 1669 764 non
1707 732 1917 782 paucos,
1961 733 2089 784 quos
2132 714 2225 764 lux

78 807 259 858 solaris
298 806 509 857 obtexit.
586 804 848 854 Nimirum
886 803 939 853 in
966 803 1219 854 descensu
1244 801 1312 852 ad
1347 800 1585 871 regiones
1610 812 1815 853 nostras
1841 821 2008 872 neque
2035 803 2222 854 caudas

77 896 332 957 emittunt,
372 912 540 963 neque
577 892 709 945 adee
745 893 1068 944 illustrantur
1104 912 1135 943 a
1173 891 1309 953 Sole,
1350 900 1408 941 ut
1442 890 1595 942 nudis
1634 891 1797 942 oculis
1823 887 1876 942 se
1913 892 2057 960 prius
2083 893 2224 945 dete-

77 985 275 1057 gendos
314 985 606 1048 exhibeant,
650 982 803 1055 quam
842 985 944 1036 Sint
979 985 1093 1052 ipso
1117 983 1246 1035 Jove
1272 982 1556 1050 propiores.
1637 981 1802 1049 Spatii
1827 993 2000 1032 autem
2025 984 2225 1035 tantillo

76 1076 345 1128 intervallo
383 1077 518 1128 circa
548 1076 721 1128 Solem
748 1075 992 1143 descripti
1016 1091 1136 1142 pars
1173 1071 1328 1142 longe
1365 1071 1530 1139 major
1556 1070 1653 1122 sita
1680 1080 1757 1121 est
1782 1090 1812 1121 a
1836 1071 1995 1123 latere
2022 1072 2072 1123 T
2074 1090 2223 1136 errae,

77 1165 218 1235 quod
247 1165 427 1217 Solem·
447 1166 684 1234 respicit3
724 1164 880 1234 inque
915 1172 1063 1232 parte
1099 1159 1184 1212 illa
1218 1160 1413 1229 majore
1441 1170 1672 1222 cometae,
1717 1158 1827 1211 Soli
1863 1170 1919 1210 ut
1942 1160 2225 1228 plurimum

76 1256 363 1319 viciniores,
393 1257 555 1327 magis
580 1255 860 1306 illuminari
886 1253 1067 1304 solent.

152 1346 315 1397 Corol.
345 1353 392 1397 3.
438 1344 500 1413 (¹³)
530 1344 678 1396 Hinc
715 1343 871 1394 etiam
905 1340 1234 1393 manifestum
1271 1349 1363 1403 est,
1405 1339 1547 1409 quod
1588 1338 1705 1390 coeli
1743 1339 2032 1392 resistentia
2071 1342 2228 1395 desti-

77 1446 310 1489 tuuntur.
387 1437 526 1489 Nam
563 1446 779 1503 cometae
816 1435 923 1486 vias
961 1435 1197 1504 obliquas
1224 1442 1274 1485 et
1297 1453 1670 1503 nonnunquam
1697 1435 1868 1485 cursui
1905 1435 2229 1507 planetarum

80 1528 364 1579 contrarias
401 1526 578 1590 secuti,
619 1534 893 1578 moventur
930 1524 1253 1575 omnifariam
1290 1522 1568 1585 liberrime,
1611 1532 1663 1573 et
1695 1532 1866 1573 motus
1902 1542 2039 1587 SUOS,
2076 1527 2230 1577 etiam

79 1627 259 1668 contra
297 1636 504 1668 cursum
546 1616 873 1685 planetarum
909 1612 1194 1666 diutissime
1233 1624 1553 1692 conservant.
1651 1614 1707 1683 (¹)
1751 1613 1929 1665 Fallor
1972 1614 2026 1664 ni
2065 1635 2229 1687 genus

77 1707 404 1776 planetarum
441 1708 557 1770 sint,
598 1716 650 1758 et
684 1716 831 1758 motu
863 1715 1116 1774 perpetuo
1139 1705 1194 1755 in
1223 1705 1403 1756 orbem
1428 1704 1659 1756 redeant.
1738 1703 1877 1755 Nam
1903 1705 2043 1774 quod
2069 1706 2230 1775 scrip-

78 1807 216 1848 tores
243 1798 400 1867 aliqui
435 1807 666 1848 meteora
691 1815 803 1848 esse
827 1797 1022 1859 volunt,
1061 1804 1428 1866 argumentum
1452 1815 1483 1847 a
1509 1796 1740 1864 capitum
1776 1796 2038 1864 perpetuis
2062 1806 2231 1849 muta«-

77 1888 305 1939 tionibus
348 1888 611 1951 ducentes,
656 1887 995 1939 fundamento
1042 1905 1218 1938 carere
1257 1886 1478 1938 videtur.
1575 1886 1652 1956 (¹¹¹)
1691 1886 1877 1955 Capita
1895 1896 2232 1940 ocometarum

77 1979 436 2047 atmosphaeris
461 1978 756 2049 ingentibus
783 1978 1092 2050 cinguntur3
1132 1988 1184 2030 et
1207 1978 1570 2048 atmosphaerae
1606 1977 1805 2030 inferne
1832 1978 2095 2030 densiores
2123 1998 2234 2031 esse

81 2067 287 2119 debent.
366 2066 524 2120 Unde
548 2068 711 2120 nubes
738 2078 872 2131 sunt,
901 2087 1005 2119 non
1032 2067 1145 2137 ipsa
1169 2052 1488 2119 cometarum
1514 2087 1749 2137 corpora,
1778 2069 1832 2119 in
1854 2069 2038 2138 quibus
2061 2078 2231 2120 muta—

77 2157 242 2208 tiones
278 2157 381 2207 illae
417 2157 667 2208 visuntur.
746 2156 832 2209 Sic
869 2157 1037 2208 Terra
1074 2157 1117 2208 si
1153 2175 1182 2208 e
1217 2156 1437 2225 planetis
1476 2166 1811 2226 spectaretur,
1851 2157 1968 2208 luce
2007 2157 2229 2209 nubium

79 2267 290 2300 suarum
324 2247 667 2317 proculdubio
696 2247 1013 2317 splenderet,
1044 2257 1099 2299 et
1123 2266 1310 2316 corpus
1337 2247 1546 2299 firmum
1573 2248 1667 2299 sub
1693 2247 1918 2298 nubibus
1950 2246 2114 2317 prope
2145 2248 2230 2299 de-

78 2338 350 2389 litesceret.
429 2337 513 2389 Sic
539 2336 749 2408 cingula.
781 2336 925 2388 Jovis
950 2336 1004 2388 in
1029 2336 1255 2387 nubibus
1280 2336 1503 2405 planetae
1528 2336 1665 2387 illius
1693 2336 1914 2387 formata
1939 2347 2073 2399 sunt,
2120 2356 2233 2407 quae

82 2432 238 2482 situm
275 2438 478 2480 mutant
513 2429 648 2479 inter
687 2448 757 2492 se,
796 2439 848 2480 et
884 2428 1094 2479 firmum
1130 2428 1275 2479 Jovis
1289 2444 1477 2498 corpus
1513 2446 1609 2497 per
1632 2428 1796 2479 nubes
1832 2427 1945 2479 illas
1963 2428 2233 2480 difficilius

82 2518 325 2570 cernitur.
401 2516 472 2568 Et
508 2516 671 2567 multo
707 2516 870 2587 magis
907 2534 1127 2586 corpora
1153 2532 1471 2567 cometarum
1500 2516 1596 2568 sub
1623 2515 1980 2585 atmosphaeris
2017 2526 2069 2568 et
2099 2534 2235 2586 pro-

78 2607 404 2660 fundioribus
431 2617 482 2658 et
507 2606 841 2659 crassioribus
866 2604 1115 2659 abscondi
1140 2604 1346 2658 debent.

135 2807 194 2860 (¹³)
230 2810 251 2833 ³³
282 2810 390 2848 Hinc
421 2810 535 2848 etiam
565 2810 816 2863 manifestum
848 2818 912 2849 est.
969 2810 1121 2848 Clariss.

43 2882 45 2887 ⁴
84 2861 269 2899 Cassinus
294 2862 333 2898 in
366 2862 477 2900 Mon.
504 2862 627 2901 Paris.
652 2876 713 2901 an.
741 2867 854 2902 1731.
886 2864 1127 2914 retrogrados

81 2922 317 2951 cometarum
337 2924 466 2953 motus
484 2916 533 2953 ad
552 2915 715 2954 directos
735 2916 936 2966 ingeniose
954 2917 1120 2955 reduxit.

1180 2822 1283 2849 cesse
1314 2808 1464 2847 videtur
1494 2816 1551 2860 ut,
1571 2808 1814 2857 rapidissimo
1841 2808 2028 2846 vorticum
2059 2812 2232 2845 torrente

1180 2862 1360 2902 contrarii
1389 2870 1625 2900 cometarum
1654 2870 1783 2899 motus
1808 2861 1975 2899 maxime
2002 2864 2227 2909 perturben-

1179 2924 1256 2963 tur,
1295 2914 1451 2965 citoque
1488 2916 1745 2961 destruantur,
1791 2928 1836 2952 ac
1873 2915 2030 2953 tandem
2066 2920 2231 2951 cometae

84 2967 315 3005 observatos
332 2967 595 3016 plurimorum·
607 2977 841 3007 cometarum
856 2979 987 3008 motus
1005 2978 1125 3008 retro-

80 3019 221 3070 gradus
251 3033 374 3058 meras
402 3033 483 3061 esse
504 3023 744 3070 apparentias
770 3023 1017 3073 conjectatur,
1047 3036 1126 3061 non

81 3085 193 3111 secus
227 3085 272 3111 ac
308 3072 475 3112 directus
514 3074 757 3123 planetarum
793 3075 1126 3115 circumsolarium

81 3133 212 3163 motus
253 3134 409 3175 apparet
457 3126 666 3178 aliquande
710 3129 967 3179 retrogradus.
1047 3129 1124 3167 Sed

79 3178 255 3228 quamvis
273 3179 507 3218 celeberrimi
526 3181 688 3231 hujusce
706 3182 914 3219 astronomi
927 3181 1123 3233 judicium

80 3231 249 3270 maxime
279 3234 516 3277 veneremur,
555 3234 764 3272 nonnullos
794 3242 923 3273 tamen
957 3244 1123 3274 cometas

81 3293 192 3322 motu
216 3284 304 3323 vere
332 3286 555 3337 retrogrado
586 3286 719 3325 contra
750 3288 887 3325 seriem
923 3288 1122 3338 signorum

80 3341 241 3377 cursum
271 3338 437 3377 tenuisse
466 3339 699 3378 conabimur
719 3340 929 3387 ostendere,
957 3342 1026 3379 ubi
1053 3341 1126 3379 haic

83 3389 132 3427 de
150 3402 191 3427 re
210 3396 322 3439 plura
338 3391 491 3429 dicendi
513 3392 622 3431 locus
640 3392 805 3439 dabitur,
834 3403 1034 3444 postquam
1053 3394 1126 3432 sci-

82 3441 173 3479 licet
191 3443 460 3482 tradiderimus
473 3452 650 3484 motuum
668 3454 905 3485 cometarum
917 3448 1120 3486 elementa.

87 3495 277 3544 Obliquas
303 3509 384 3536 esse
407 3509 687 3549 nonnunquam
714 3508 954 3538 cometarum
977 3500 1056 3537 vias
1086 3507 1125 3538 et

84 3550 213 3585 cursui
239 3549 480 3597 planetarum
507 3553 713 3590 contrarias
731 3552 841 3590 fateri
868 3565 948 3590 non
971 3553 1123 3591 dubita-

82 3608 176 3638 runt
205 3601 362 3652 quidam
396 3603 619 3642 Cartesiani.
692 3604 843 3644 Verum
872 3604 950 3655 que
977 3606 1124 3644 ratione

83 3653 222 3691 diversi
239 3655 296 3691 illi
316 3664 552 3693 cometarum
566 3664 696 3695 motus
709 3671 800 3695 cum
814 3659 1019 3697 vorticibus
1032 3672 1124 3697 con·-

84 3706 204 3744 ciliari
237 3708 393 3756 possint,
427 3708 584 3747 difficile
620 3710 863 3762 intelligitur,
901 3711 991 3749 cum
1022 3713 1126 3749 enim

84 3767 244 3799 cometae
265 3760 305 3799 in
324 3762 499 3813 regiones
526 3762 770 3812 planetarum
789 3764 1034 3811 descendant,
1057 3778 1127 3803 ne-

1179 2969 1343 3019 hujusce
1370 2969 1549 3006 torrentis
1578 2968 1613 3005 vi
1637 2968 1847 3016 rapiantur.
1908 2969 1965 3005 At
1991 2967 2140 3005 summe
2169 2977 2229 3003 re-

1182 3023 1336 3073 gulares
1355 3035 1436 3061 esee
1455 3029 1692 3059 cometarum
1706 3028 1846 3066 motus,
1864 3028 1902 3058 et
1920 3018 2051 3057 contre
2070 3032 2227 3057 cursum

1179 3073 1648 3125 planetarumjdiutissime
1660 3074 1880 3117 conservari,
1892 3073 2088 3111 nonnullis
2099 3086 2227 3112 come-

1183 3137 1314 3167 tarum
1334 3128 1520 3178 exemplis
1540 3127 1720 3176 deinceps
1738 3127 1893 3177 patebit.

1232 3215 1282 3268 (¹)
1300 3218 1321 3241 '¹⁵
1340 3219 1382 3255 F
1380 3218 1486 3259 azlor,
1504 3216 1548 3253 ni
1562 3228 1685 3264 genus
1697 3217 1947 3265 planetarum
1960 3216 2049 3254 sint.
2093 3213 2228 3258 Quem

1183 3269 1364 3319 gravibus
1404 3268 1670 3306 fundamentis
1714 3268 1859 3305 nitatur
1903 3269 1986 3306 haec
2024 3268 2226 3313 sententia,

1178 3321 1429 3359 manifestum
1464 3320 1536 3358 erit
1578 3319 1713 3370 postea
1747 3333 1795 3358 ex
1842 3321 1955 3359 variis
1990 3328 2228 3359 cometarum

1179 3374 1455 3425 phaenomenis.

1233 3447 1302 3500 (¹¹¹)
1326 3450 1347 3473 ⁶
1372 3450 1505 3497 Capita
1524 3456 1759 3488 cometarum
1778 3447 2041 3496 atmosphaeris
2058 3446 2227 3497 ingenti-

1178 3503 1254 3539 bus
1268 3501 1374 3551 cingi
1387 3501 1499 3539 variis
1512 3502 1750 3551 argumentis
1763 3502 2012 3549 imposterum
2026 3500 2228 3538 confirmat

1180 3554 1409 3592 Newtonus.
1470 3554 1667 3592 Caeterum
1695 3554 1736 3590 in
1764 3553 1855 3601 ipsis
1882 3561 2122 3591 cometarum
2142 3566 2224 3590 cor-

1181 3607 1340 3655 poribus
1368 3619 1448 3645 non
1477 3607 1559 3643 fieri
1585 3614 1790 3655 perpetuas
1814 3606 2047 3644 mutationes
2073 3606 2158 3644 illas
2185 3608 2227 3643 in

1183 3660 1350 3697 decursu
1369 3660 1560 3698 constabit
1586 3659 1891 3708 independenter
1908 3658 2068 3697 omnine
2087 3662 2135 3697 ab
2159 3659 2226 3697 illa

1181 3712 1364 3759 opinione
1400 3726 1487 3764 quae
1534 3712 1694 3751 cometis
1742 3712 1919 3763 ingentes
1955 3714 2227 3762 atmosphaeras

1178 3765 1326 3804 tribuit.
