2540 4296
262 289 363 334 112
763 279 1330 333 PHILOSOPHIAE
1370 280 1822 335 NATURALIS
1898 283 2015 348 [DE
2035 283 2238 335 MnNn.
2259 282 2410 336 SYs'r.

259 434 507 494 spectant,
549 425 641 476 ubi
665 442 801 494 aqua
826 424 936 474 sine
962 423 1159 491 impetu
1185 423 1430 475 effluendi
1458 416 1521 477 ¹et
1562 426 1827 478 remeandi
1852 426 2019 477 attolli
2059 437 2109 478 et
2150 428 2416 480 subsidere

258 526 446 586 potest,
476 515 783 587 magnitudo
808 513 964 566 aestfis
990 515 1271 584 respondet
1297 515 1492 567 viribus
1522 515 1656 568 Solis
1685 527 1736 568 ct
1763 516 1949 568 Lunae.
2013 514 2017 519 ’

337 610 501 660 Corol.
530 614 579 657 2.
623 605 761 658 Cum
786 606 861 656 vis
888 606 1059 657 Lunae
1084 606 1152 657 ad
1176 625 1320 658 mare
1344 607 1662 659 movendum
1689 609 1753 660 sit
1778 609 1844 659 ad
1870 608 1974 659 vim
2000 608 2262 678 gravitatis
2300 619 2357 660 ut
2387 616 2409 660 1

262 698 329 750 ad
367 703 633 757 2871400,
678 695 1014 764 perspicuum
1039 704 1116 746 est
1141 695 1282 765 quod
1307 693 1498 766 visffla
1532 695 1597 746 sit
1637 694 1791 766 longe
1817 696 1988 746 minor
2015 694 2169 765 quam
2195 716 2311 766 quae
2335 697 2418 748 vel

259 789 316 838 in
342 786 707 855 experimentis
727 785 1093 854 pendulorum,
1122 786 1205 837 vel
1229 786 1284 836 in
1311 768 1617 838 staticis'aut
1639 786 2001 857 hydrostaticis
2026 788 2419 856 quibuscunque

262 878 439 931 sentiri
465 878 644 945 possit.
724 876 785 946 (Κ)
829 877 894 928 In
919 886 1049 928 aestu
1074 877 1186 928 solo
1213 877 1417 928 marino
1441 877 1557 928 haec
1581 878 1657 930 vis
1684 874 1978 931 sensibilem
2005 879 2111 931 edit
2139 879 2393 930 effectum.

339 970 502 1021 Corol.
533 977 580 1021 3.
661 968 925 1030 Quoniam
967 970 1044 1019 vis
1090 969 1260 1020 Lunae
1302 968 1366 1020 ad
1412 987 1557 1021 mare
1582 968 1896 1021 movendum
1925 979 2003 1021 est
2042 970 2110 1021 ad
2154 969 2288 1021 Solis
2314 969 2421 1020 vim

267 1064 589 1116 consimilem
626 1075 685 1116 ut
722 1071 917 1117 4.4815
957 1064 1025 1115 ad
1065 1068 1128 1127 1,*
1153 1073 1205 1115 et
1234 1064 1374 1116 -vires
1410 1064 1515 1114 illae
1555 1067 1670 1132 (per
1700 1063 1876 1115 Corol.
1909 1070 1991 1115 14.
2022 1064 2180 1132 Prop.
2209 1065 2419 1115 LXIV.

266 1155 384 1206 Lib.
415 1155 481 1220 I.)
529 1166 650 1207 sunt
673 1164 732 1208 ut
757 1154 1034 1207 densitates
1061 1159 1342 1224 corporum
1370 1156 1539 1222 Lunae
1583 1166 1635 1206 et
1676 1155 1809 1207 Solis
1835 1165 1886 1206 et
1910 1155 2029 1206 cubi
2054 1155 2420 1206 diametrorum

267 1247 627 1314 apparentium
677 1246 1025 1316 conjunctim3
1080 1246 1305 1298 densitas
1352 1247 1522 1299 Lunae
1543 1270 1544 1273 ¹
1565 1248 1662 1298 erit
1712 1247 1776 1298 ad
1828 1247 2137 1299 densitatem
2182 1246 2315 1298 Solis
2366 1255 2425 1296 ut

193 1383 200 1387 .
265 1343 460 1388 4.4815
508 1337 574 1387 ad
616 1343 634 1386 1
686 1334 896 1397 directe,
941 1345 991 1386 et
1034 1322 1197 1405 cubus
1222 1335 1460 1386 diametri
1487 1335 1656 1386 Lunae
1697 1335 1764 1386 ad
1806 1335 1997 1386 cubum
2024 1335 2261 1386 diametri
2291 1334 2424 1386 Solis

264 1426 495 1479 inverse:
534 1427 589 1478 id
633 1438 711 1478 est
755 1425 896 1496 (cum
923 1425 1160 1477 diametri
1182 1426 1472 1477 mediocres
1500 1436 1807 1495 apparentes
1835 1426 2004 1477 Lunae
2049 1435 2101 1477 et
2149 1426 2284 1477 Solis
2324 1426 2426 1477 sint

267 1517 368 1566 31'.
401 1516 550 1581 165⁹.
579 1524 630 1566 et
657 1516 757 1566 32'.
790 1514 927 1579 12⁰.)
971 1523 1030 1564 ut
1074 1520 1209 1565 4891
1243 1513 1309 1564 ad
1339 1521 1492 1565 1000.
1568 1512 1621 1583 (ι)
1661 1513 1906 1565 Densitas
1952 1524 2124 1564 autem
2155 1514 2289 1565 Solis
2317 1523 2429 1565 erat

265 1603 333 1654 ad
377 1603 684 1654 densitatem
711 1602 894 1654 Terrae
938 1610 997 1663 ut
1040 1608 1177 1653 1000
1205 1602 1272 1652 ad
1298 1609 1473 1663 400ος
1514 1611 1564 1653 et
1600 1612 1876 1670 propterea
1901 1601 2127 1652 densitas
2156 1602 2324 1653 Lunae
2351 1613 2429 1654 est

265 1692 333 1742 ad
375 1691 682 1742 densitatem
708 1690 893 1741 Terrae
930 1676 1161 1740 Ut.489l
1208 1689 1276 1739 ad
1313 1696 1454 1741 4000
1482 1707 1573 1739 seu
1603 1695 1662 1739 11
1697 1688 1764 1739 ad
1790 1697 1838 1741 9.

267 1780 437 1832 Lunae
463 1778 671 1829 densius
698 1789 749 1830 et
774 1777 939 1848 magiS
966 1787 1206 1829 terrestre
1233 1775 1387 1847 quam
1415 1777 1585 1828 Terra
1608 1786 1801 1828 nostra.

1935 1688 2032 1739 Est
2056 1688 2215 1759 igitur
2241 1708 2429 1758 corpus

343 1871 506 1921 Corol.
535 1876 584 1920 4.
644 1869 715 1920 Et
741 1866 860 1919 cum
886 1886 1009 1918 vera
1035 1866 1285 1918 diameter
1311 1866 1480 1917 Lunae
1507 1883 1574 1917 ex
1599 1864 2043 1917 observationibus
2070 1867 2429 1919 astronomicis

271 1958 336 2009 sit
379 1957 446 2008 ad
481 1975 659 2008 veram
698 1956 1007 2007 diametrum
1050 1955 1234 2006 Terrae
1269 1964 1328 2007 ut
1375 1960 1476 2006 100
1521 1954 1590 2006 ad
1635 1961 1767 2016 3653
1807 1948 2115 2006 erit'massa
2155 1956 2324 2007 Lunae
2363 1957 2431 2010 ad

270 2066 495 2099 massam
522 2047 705 2099 Terrae
731 2057 790 2098 ut
819 2054 841 2098 1
877 2045 944 2097 ad
972 2051 1092 2101 39.7
1099 2054 1183 2097 88.
2490 2028 2493 2031 Ι

347 2139 511 2189 Corol.
541 2143 589 2189 5.

271 2228 426 2297 triplo
451 2228 622 2279 minor
650 2225 804 2297 quam
830 2227 1055 2297 gravitas
1082 2226 1417 2278 acceleratrix
1441 2228 1496 2279 in
1522 2229 1796 2297 superficie
1825 2230 2024 2281 Terrae.

347 2318 510 2368 Corol.
544 2324 592 2368 6.
672 2316 736 2385 (Π)
779 2315 849 2366 Et
874 2315 1116 2367 distantia
1142 2316 1306 2367 centri
1333 2316 1502 2368 Lunae
1529 2337 1560 2368 a
1585 2328 1763 2369 centro
1790 2319 1974 2370 Terrae
2000 2320 2096 2372 erit
2132 2321 2198 2371 ad
2235 2322 2429 2372 distan-

273 2407 397 2458 tiam
424 2405 588 2456 centri
616 2405 784 2456 Lunae
810 2423 841 2456 a
867 2404 1129 2457 communi
1155 2404 1421 2475 gravitatis
1448 2416 1625 2457 centro
1652 2407 1836 2458 Terrae
1862 2417 1914 2459 et
1939 2408 2124 2472 Lunae,
2152 2419 2211 2461 ut
2236 2417 2357 2466 40.7
2365 2418 2428 2462 88

273 2498 341 2549 ad
368 2503 580 2553 39.788.

349 2590 410 2658 (⁰)
439 2591 623 2641 'CoroL
672 2595 720 2645 7.
799 2590 870 2642 Et
904 2591 1180 2666 mediocris
1207 2592 1450 2644 distantia
1476 2593 1637 2644 centri
1667 2593 1834 2645 Lunae
1878 2613 1909 2645 a
1951 2602 2130 2645 centro
2157 2592 2340 2644 Terrae
2378 2591 2433 2641 in

279 2683 572 2734 octantibus
599 2682 769 2734 Lunae
811 2683 909 2734 erit
945 2683 1469 2735 semi-diametrorum
1506 2685 1849 2736 maximarum
1889 2685 2072 2736 Terrae
2112 2682 2215 2749 60}
2254 2700 2433 2752 quam-

276 2769 530 2838 proxime.

669 2137 745 2202 (m)
794 2136 864 2187 Et
907 2136 1130 2206 gravitas
1173 2136 1508 2188 acceleratrix
1547 2137 1602 2187 in
1642 2137 1913 2205 superficie
1941 2138 2109 2189 Lunae
2150 2141 2249 2191 erit
2287 2139 2432 2210 quasi

608 2770 747 2821 Nam
786 2771 970 2823 Terrae
1010 2772 1414 2824 semi-diameter
1438 2774 1666 2824 maxima
1705 2774 1801 2825 fuit
1842 2774 2037 2843 pedum
2066 2772 2434 2825 Parisiensium

284 2866 581 2922 19658600,
623 2869 674 2911 et
701 2861 976 2912 mediocris
1016 2862 1260 2913 distantia
1297 2872 1595 2913 centrorum
1622 2863 1805 2913 Terrae
1842 2872 1893 2913 et
1931 2863 2116 2925 Lunae,
2155 2880 2220 2912 ex
2255 2861 2434 2929 hujus-

280 2949 423 3001 modi
449 2949 711 3000 diametris
738 2948 842 3016 60}
873 2960 1129 3013 constans,
1171 2951 1381 3020 aequalis
1418 2961 1496 3002 est
1530 2951 1750 3019 pedibus
1781 2956 2150 3006 1187379440.
2227 2949 2297 3001 Et
2320 2950 2434 3000 haec

1444 3090 1492 3141 (¹)
1529 3094 1549 3116 ²*
1572 3094 1753 3131 Densitas
1785 3100 1915 3132 autem
1947 3094 2051 3132 Solis.
2113 3091 2224 3144 (Cor.
2249 3096 2287 3130 5.
2316 3066 2429 3141 Prop.

1391 3144 1523 3182 VIII.
1548 3145 1634 3183 Lib.
1659 3146 1811 3197 hujus.)

339 3088 399 3141 (Υ)
422 3093 443 3115 ⁷*
462 3093 515 3130 Ῑη
533 3069 630 3129 &stu
649 3091 723 3129 solo
742 3092 903 3130 marino.
966 3090 1047 3128 Hae
1066 3090 1221 3140 quidem
1238 3089 1336 3128 vires

283 3143 334 3181 ad
352 3144 588 3181 movendum
608 3157 714 3182 mare
733 3144 945 3190 sufficiunt,
975 3144 1041 3182 sed
1060 3144 1155 3181 alios
1174 3145 1335 3182 effectus

285 3197 480 3234 sensibiles
499 3198 713 3244 producere
732 3210 811 3234 non
831 3205 1002 3245 possunt.
1064 3198 1223 3234 Etenim
1244 3210 1333 3247 gra-

286 3262 381 3286 num
400 3263 524 3287 unum
546 3263 635 3287 cum
665 3249 834 3297 pondere
853 3263 1064 3300 granorum
1084 3256 1190 3288 4000
1217 3251 1333 3287 etiam

1444 3248 1511 3300 (ω)
1535 3252 1555 3274 *
1580 3253 1634 3290 Et
1650 3259 1818 3300 gravztas
1837 3235 2089 3290 acceleratrix‘.
2153 3252 2255 3289 Nam
2271 3251 2436 3301 gravitas

286 3301 571 3340 accuratissima
584 3301 680 3340 libra
695 3313 962 3351 comparatum
976 3304 1108 3341 sentiri
1122 3304 1182 3340 vix
1197 3311 1334 3352 potest,

1391 3303 1634 3341 acceleratrix
1663 3313 1720 3342 est
1747 3313 1791 3342 ut
1818 3317 1941 3342 massa
1970 3303 2112 3342 directe
2141 3313 2178 3342 et
2205 3299 2425 3353 quadratum

286 3357 343 3393 vis
370 3364 499 3394 autern
520 3357 738 3394 solaris·est
764 3357 814 3394 ad
842 3356 918 3393 vim
939 3357 1134 3406 gravitatis
1161 3364 1206 3394 ut
1237 3361 1254 3394 1
1286 3356 1334 3394 ad

292 3414 514 3455 12868200,
543 3423 773 3459 summaque
793 3410 932 3447 virium
956 3409 1055 3448 Solis
1074 3417 1111 3447 et
1133 3410 1260 3446 Lunae
1278 3416 1336 3447 est

287 3463 335 3500 ad
373 3462 536 3500 candem
573 3464 652 3500 vim
684 3463 880 3514 gravitatis
916 3471 962 3500 ut
997 3468 1013 3501 1
1050 3463 1101 3500 ad
1133 3468 1329 3502 2032890.

293 3517 426 3559 Quare
455 3524 558 3564 patet
586 3517 682 3553 vires
702 3517 793 3559 ilias,
826 3515 916 3554 licet
943 3517 1178 3567 conjunctas,
1208 3514 1335 3553 multo

287 3569 455 3607 minores
482 3582 562 3607 esse
590 3568 707 3619 quam
729 3579 773 3607 ut
791 3569 945 3618 pondus
971 3570 1140 3618 corporis
1167 3569 1336 3619 cujusvis

286 3621 329 3658 in
357 3622 456 3660 libra
475 3624 631 3670 appensi
651 3622 878 3660 sensibiliter
906 3636 1048 3672 augere
1075 3622 1133 3659 vel
1160 3624 1336 3659 minuere

289 3675 445 3722 possint.
493 3676 610 3713 Unde
625 3688 694 3713 nec
713 3676 754 3712 in
775 3675 1045 3724 experimentis
1059 3675 1334 3723 pendulorum,

289 3727 606 3772 barometrorum,
638 3729 699 3766 vel
726 3729 766 3765 in
796 3729 939 3766 staticis
971 3736 1039 3766 aut
1071 3728 1337 3777 hydrostaticis

290 3779 486 3818 sensibilis
523 3782 638 3819 edent
674 3781 845 3818 effectus.
923 3782 1035 3819 Idem
1077 3781 1335 3819 Corollarium

290 3832 486 3882 eleganter
500 3833 774 3872 demonstravit
792 3834 935 3872 clariss·
957 3834 1126 3871 Eulerus
1140 3847 1250 3872 num.
1267 3839 1333 3872 50.

293 3886 582 3923 Dissertatiouis
600 3887 648 3924 de
672 3887 802 3925 Fluxu
822 3896 860 3925 et
884 3887 1054 3925 Refluxu
1076 3887 1211 3925 Maris.

1391 3356 1580 3394 distantiae
1599 3370 1621 3393 a
1640 3366 1782 3402 centro,
1799 3358 1871 3394 hoc
1890 3366 1957 3402 est,
1978 3357 2267 3395 semi-diametri
2289 3356 2436 3395 inverse

1392 3410 1501 3459 (Cor.
1531 3414 1565 3447 1·
1592 3410 1708 3459 Prop·
1732 3410 1916 3449 LXXV.
1941 3410 2027 3448 Lib·
2048 3411 2105 3459 1.)
2154 3408 2327 3459 Ideoque
2346 3423 2434 3460 gra-

1391 3464 1488 3499 vitas
1506 3462 1749 3500 acceleratrix
1769 3463 1809 3500 in
1829 3463 2029 3513 superficie
2051 3464 2179 3501 Lunae
2206 3471 2261 3500 est
2279 3463 2328 3499 ad
2347 3476 2434 3513 gra-

1390 3515 1547 3552 vitatem
1584 3517 1886 3554 accelerati-icem
1916 3517 1955 3553 in
1984 3516 2183 3565 superficie
2223 3517 2352 3554 Terrae
2389 3524 2435 3553 ut

1392 3571 1409 3604 1
1434 3574 1475 3614 ><
1498 3573 1638 3607 15524.
1657 3569 1707 3607 ad
1728 3573 1873 3609 39.788
1896 3576 1938 3616 ><
1965 3574 2079 3617 1000,
2108 3571 2182 3608 hoc
2199 3577 2268 3615 est,
2282 3576 2325 3606 ut
2345 3573 2359 3606 1
2383 3568 2433 3606 ad

1390 3626 1416 3659 5
1435 3622 1596 3660 circiter.

1447 3730 1506 3782 (¹¹)
1529 3733 1549 3756 *⁸
1570 3732 1622 3769 Et
1643 3733 1820 3770 distantia
1840 3733 1963 3771 centri
1975 3733 2120 3770 Lunae·
2144 3732 2227 3782 (61.
2245 3730 2331 3768 Lib.
2353 3727 2413 3778 1.)

1448 3834 1504 3886 (⁰)
1528 3838 1548 3859 ¹*
1567 3838 1683 3874 Corol.
1697 3839 1731 3874 7.
1773 3837 2011 3884 Computum
2032 3835 2167 3873 eodem
2184 3812 2297 3885 plane
2316 3836 2434 3875 modo

1394 3888 1514 3926 initur
1531 3901 1575 3926 ac
1594 3889 1633 3925 in
1657 3889 1772 3937 Prop.
1801 3889 1879 3927 IV·
1901 3890 1991 3928 Lib·
2011 3889 2141 3932 huius·
